2298 3147
1127 231 1164 262 16

258 340 359 370 linem
393 337 556 371 deice-ren
590 335 703 366 Schol.
727 333 890 372 Aeschyl.
914 332 1008 362 Eum.
1032 341 1062 360 v.
1086 331 1116 360 2:
1150 329 1315 367 Πίνδαρός
1340 334 1420 366 φησι
1448 325 1529 363 πρὸς
1554 323 1624 362 βίαν
1646 324 1802 360 κρατῆσαι
1825 320 1957 357 Πυθοῦς
1980 319 2039 349 τὸν

256 393 465 424 Ἀπόλλωνα·
486 391 534 421 διὸ
559 391 610 420 καὶ
633 390 835 427 ταρταρώσαι
859 386 957 417 αὐτὸν
983 386 1081 422 ἐζήτει
1102 385 1120 422 ἡ
1146 385 1194 422 Γῆ.
1243 381 1426 421 Euripides
1450 387 1589 418 quoque
1612 376 1786 406 Tellurem
1808 373 1940 413 raptori
1963 382 2037 403 suc-

263 446 435 477 censuisse
464 444 554 479 dicit,
584 443 657 482 Iph.
689 442 790 472 Taur.
827 442 914 471 1269.
943 441 1037 478 Θέμιν
1068 437 1093 469 δ’
1126 438 1194 469 ἐπεὶ
1219 438 1280 475 Γᾶς
1310 436 1365 467 ἰὼν
1380 434 1392 474 Η
1407 433 1492 465 παῖδ’
1517 431 1727 463 ἀπενάσσατο
1751 427 1811 467 [Λα
1825 427 1837 467 ΙΙ
1851 428 1949 467 τῷος]
1974 426 2039 457 ἀπὸ

262 501 381 532 ζαθέων
404 499 415 539 Η
437 497 648 536 χρηστηρίων,
684 496 774 533 νύχια
797 494 808 534 Η
831 495 916 532 χθὼν
941 493 1140 524 ἐτεκνώσατο
1163 491 1306 530 φάσματ’
1331 489 1474 527 ὀνείρων,
1509 495 1588 516 narn
1614 482 1789 514 insomniis
1820 481 1887 511 illis
1913 479 2040 511 creatis

265 553 436 593 Apollinis
453 552 638 581 obscurare
655 549 794 579 oracula
817 554 850 578 et
873 548 905 577 in
927 547 1133 577 oblivionem
1156 545 1329 576 adducere
1351 543 1469 573 Tellus
1493 539 1638 576 studuit;
1663 538 1739 568 Eur.
1763 537 1807 567 ib.
1834 535 1922 567 1267.
1950 532 2041 564 conf.

262 608 303 638 A.
327 605 599 638 Mommsenium,
623 603 794 642 Delphica
817 612 848 641 p.
876 602 941 632 169.
991 601 1090 630 Hanc
1113 599 1217 639 igitur
1239 599 1350 632 deam,
1374 595 1506 627 oraculi
1530 600 1610 624 ante
1633 592 1832 632 Apollinem
1857 588 2040 622 dominam,

262 662 354 692 haud
377 660 479 690 dubie
503 664 768 689 consentaneum
793 662 844 686 est
860 655 1056 695 Apollinem
1077 654 1217 692 placare
1234 650 1406 681 debuisse.
1446 648 1562 688 Quare
1587 647 1617 677 ei
1640 645 1739 685 parti,
1764 654 1866 684 quam
1888 644 1925 674 τὸ
1941 649 2043 673 σπον-

263 718 348 747 δεῖον
362 715 488 744 Pollux
504 718 616 747 vocat,
640 722 707 751 qua
720 710 821 740 animi
836 709 1053 740 serenitatem
1077 712 1110 737 et
1132 705 1417 745 tranquillitatem
1440 708 1520 742 post
1542 710 1652 741 grave
1677 706 1711 730 et
1733 698 1945 729 laboriosum
1969 705 2041 726 cer-

265 775 379 799 tamen
395 766 650 807 precationibus
667 764 751 794 fusis
767 764 1003 802 redintegrare
1017 761 1144 800 Apollo
1160 760 1284 794 studet,
1305 758 1434 797 optime
1452 756 1611 787 convenit
1628 754 1798 785 cantilena
1811 754 1856 783 ad
1868 752 2041 782 Tellurem

263 828 407 853 matrem
434 820 656 860 mitigandam
685 824 719 849 et
748 817 994 848 conciliandam
1019 825 1194 845 conversa.
1243 813 1294 843 Ea
1318 821 1409 847 sane,
1448 810 1610 850 quoniam
1632 808 1782 838 numeris
1804 806 1929 837 Ionicis
1952 815 2042 836 com-

265 877 380 916 posita
404 881 486 909 erat,
509 883 727 904 numerorum
751 872 929 910 μεταβολὴν
952 869 1158 909 requirebat.
1205 867 1276 899 Sed
1300 867 1332 896 in
1354 866 1421 896 hoc
1444 865 1550 895 tibiae
1573 861 1834 902 incomparabili
1857 866 1891 891 et
1915 859 2044 890 eximio

265 940 370 970 opere
387 928 523 967 saepius
539 926 689 967 rhythmi
704 926 894 963 variabant,
918 930 953 954 ut
970 924 1105 954 minime
1128 922 1250 952 mirum
1267 920 1376 951 videri
1399 919 1521 958 possit,
1546 917 1573 947 si
1596 917 1629 946 in
1645 926 1682 946 re
1706 921 1777 945 tam
1798 914 1907 955 gravi,
1932 913 2045 953 qualis

267 989 341 1013 erat
364 982 509 1012 Telluris
532 981 582 1011 ira
604 981 749 1020 placata,
779 988 869 1008 novo
891 978 1127 1017 rhythmorum
1148 964 1277 1015 genere
1300 983 1389 1004 nova
1418 982 1535 1002 rursus
1559 977 1593 1001 et
1615 969 1733 1009 magni
1754 969 1918 1008 ponderis
1941 978 2044 1007 argu-

265 1036 370 1067 menti
402 1045 484 1075 pars
515 1034 741 1064 induceretur.
796 1032 869 1062 Nec
899 1030 1037 1061 dubium
1062 1040 1137 1060 esse
1163 1034 1288 1068 potest,
1322 1027 1402 1067 quin
1430 1023 1754 1064 intellegentissumi
1783 1024 1904 1052 harum
1931 1032 2045 1052 rerum

268 1090 444 1121 auditores
477 1090 540 1118 hos
563 1097 725 1117 numeros
749 1085 877 1116 ionicos
900 1086 944 1115 ad
967 1084 1149 1122 Tellurem,
1183 1093 1286 1122 quam
1309 1081 1437 1121 Apollo
1461 1085 1622 1120 precatus
1647 1078 1699 1113 sit,
1721 1081 1883 1117 prompto
1909 1085 2047 1115 semper

267 1144 391 1174 iudicio
416 1149 449 1173 et
473 1142 626 1172 acumine
649 1140 848 1171 rettulerint.
896 1139 959 1168 His
980 1139 1083 1177 igitur
1106 1137 1265 1167 stabilitis
1289 1136 1355 1166 iam
1379 1135 1479 1165 trium
1504 1134 1640 1163 illorum
1664 1137 1842 1162 auctorum
1866 1140 1943 1169 ope,
1966 1130 2046 1160 Pol-

267 1198 362 1237 lucis,
383 1196 573 1230 Strabonis,
597 1194 813 1225 Scholiastae
837 1194 881 1222 ad
904 1192 1100 1230 Pindarum,
1123 1190 1271 1230 quinque
1293 1195 1411 1229 partes
1435 1188 1622 1218 sollemnes
1646 1186 1739 1216 nomi
1761 1184 1898 1225 Pythici
1922 1184 2047 1215 consti-

265 1258 363 1282 tuere
391 1250 515 1285 licebit,
544 1259 687 1288 quarum
722 1249 808 1277 haec
837 1247 974 1277 nomina
1006 1250 1098 1276 sunt:
1136 1244 1153 1274 I
1181 1246 1285 1282 πεῖρα,
1322 1242 1355 1272 Π
1384 1240 1654 1279 κατακελευσμός,
1689 1239 1740 1269 ΠΙ
1769 1239 1924 1279 ἰαμβικόν,
1956 1238 2049 1278 quod

267 1304 458 1336 σαλπιστικὰ
477 1303 638 1341 κρούματα
655 1308 689 1332 et
707 1301 898 1338 ὀδοντισμὸν
915 1300 987 1329 sive
1002 1300 1156 1337 σύριγγας
1176 1296 1448 1337 comprehendit,
1464 1295 1514 1325 IV
1536 1296 1720 1332 σπονδεῖον,
1737 1303 1806 1333 quo
1819 1303 1886 1323 una
1898 1295 2046 1333 μητρῷον

266 1377 308 1381 —
317 1368 405 1398 quae
416 1364 467 1388 est
477 1357 548 1387 eius
556 1356 646 1386 nomi
657 1366 712 1386 ars
724 1354 1000 1385 elaboratissima
1010 1371 1047 1375 —
1057 1353 1258 1389 continetur,
1267 1351 1299 1381 V
1310 1350 1543 1388 καταχὸρευσις
1556 1348 1691 1379 creticis
1707 1347 1857 1378 numeris
1867 1352 2045 1386 concepta.

270 1413 328 1443 Eis
345 1412 492 1451 quinque
509 1411 662 1450 partibus
678 1409 908 1449 praeludium:
943 1408 1114 1446 ἄγκρουσις
1137 1405 1376 1446 praemittitur,
1403 1405 1496 1443 quod
1523 1403 1550 1433 si
1571 1403 1725 1438 accedat,
1751 1401 1825 1432 fieri
1841 1401 1901 1431 vix
1919 1406 2049 1441 potest,

270 1467 349 1506 quin
365 1466 398 1495 in
415 1465 480 1495 fine
497 1474 633 1504 quoque
649 1464 826 1503 particula,
849 1472 938 1502 quae
959 1462 1036 1492 huic
1058 1461 1236 1500 praeludio
1253 1460 1441 1498 συμμέτρως
1466 1457 1687 1497 respondeat,
1711 1455 1893 1493 adiciatur3
1922 1455 2047 1486 etenim

270 1522 344 1557 hoc,
370 1519 660 1559 quemadmodum
680 1523 773 1548 recte
795 1515 1035 1547 animadvertit
1052 1515 1231 1546 Guhrauer
1253 1525 1285 1554 p.
1302 1515 1372 1551 345,
1396 1513 1558 1552 antiquae
1582 1512 1665 1542 artis
1678 1511 1824 1551 legibus,
1847 1509 2051 1540 harmoniae

272 1579 306 1604 et
334 1573 555 1613 symmetriae
585 1572 711 1611 ubique
741 1570 951 1607 fautricibus,
982 1569 1130 1609 flagitari
1150 1569 1295 1599 videtur.
1348 1567 1403 1598 Ac
1428 1567 1456 1597 si
1478 1565 1675 1606 Terpandri
1697 1575 1878 1595 nomorum
1902 1564 2050 1595 citharo-

273 1628 427 1658 dicorum
446 1626 639 1666 analogiam
659 1625 881 1664 respiciamus
902 1624 1039 1663 (Pollux
1055 1624 1114 1664 IV,
1132 1622 1195 1664 66),
1217 1632 1342 1653 nomen
1364 1631 1503 1661 quoque
1527 1621 1558 1650 ei
1580 1619 1771 1660 particulae
1794 1623 1953 1659 paratum
1970 1617 2052 1648 erit:

271 1683 430 1720 ἐπίλογος.

590 1842 636 1872 15.
681 1840 736 1870 De
759 1850 862 1870 nomo
887 1839 999 1869 orthio
1023 1838 1167 1869 auletico
1191 1843 1225 1868 et
1247 1847 1349 1868 nomo
1374 1837 1487 1868 orthio
1509 1836 1732 1867 citharodico.

422 1945 552 1975 Nomus
568 1945 671 1984 igitur
690 1944 855 1984 Pythicus
870 1943 997 1974 tibialis
1013 1943 1246 1973 clarissumum
1271 1942 1443 1982 specimen
1459 1948 1512 1972 est
1526 1951 1705 1971 nomorum
1729 1941 1967 1976 auleticorum;
1990 1941 2052 1971 sed

278 2000 310 2030 in
337 2010 378 2031 eo
401 2000 551 2029 nondum
575 1999 761 2029 subsistere
784 1998 873 2033 licet,
896 1997 1054 2036 quoniam
1076 2001 1214 2036 praeter
1240 2006 1315 2026 eum
1339 1996 1484 2025 aliorum
1503 2005 1642 2035 quoque
1664 2005 1732 2025 non
1748 1994 1951 2034 ignobilium
1968 1995 2053 2025 eius-

274 2055 352 2084 dem
374 2053 512 2094 generis
535 2058 694 2083 cantuum
717 2051 938 2091 complurium
962 2052 1125 2081 memoria
1148 2050 1247 2080 nobis
1267 2055 1406 2080 servata
1429 2055 1490 2080 est.
1535 2049 1685 2079 Primum
1703 2058 1830 2088 magna
1847 2049 2055 2079 auctoritate

273 2107 386 2138 floruit
407 2117 529 2137 nomus
552 2106 681 2136 omnus
703 2106 867 2136 auleticus
892 2105 925 2135 in
946 2104 1144 2136 Minervam.
1177 2104 1314 2134 Nomen
1336 2104 1470 2143 accepit
1488 2104 1532 2133 ab
1549 2103 1619 2133 alto
1645 2108 1678 2133 et
1693 2103 1763 2133 late
1779 2103 1917 2133 sonanti
1939 2107 2050 2133 cantu.

276 2161 389 2193 Schol.
415 2161 591 2200 Aristoph.
615 2161 765 2191 Acharn.
791 2161 841 2190 16:
866 2160 883 2190 ὁ
908 2160 942 2190 δὲ
959 2159 1067 2197 ὄρθιος
1083 2158 1252 2197 αὐλητικὸς
1268 2158 1368 2196 νόμος
1385 2158 1469 2189 οὕτω
1487 2157 1685 2195 καλούμενος
1701 2157 1753 2188 διὰ
1768 2157 1804 2188 τὸ
1822 2156 1903 2188 εἶναι
1920 2156 2055 2195 εὔτονος

276 2217 326 2246 καὶ
350 2215 505 2247 ἀνάτασιν
529 2215 621 2253 ἔχειν,
646 2216 690 2253 ὼς
714 2216 806 2252 δηλοῖ
834 2214 885 2244 καὶ
907 2213 1049 2251 Ὅμηρος
1072 2214 1121 2250 [Il.
1144 2215 1162 2243 λ
1186 2213 1256 2249 10]:
1280 2212 1356 2243 ἔνθα
1379 2211 1472 2243 στᾶσ’
1496 2211 1575 2249 ἤϋσε
1600 2211 1657 2242 θεὰ
1686 2212 1765 2249 μέγα
1795 2222 1829 2242 τε
1857 2211 1964 2242 δεινόν
1987 2221 2021 2242 τε
2042 2210 2055 2250 ΙΙ

276 2269 365 2307 ὄρθι’.
419 2268 504 2298 Eum
542 2278 679 2297 nomum
707 2267 929 2306 Dicaeopolis
957 2266 989 2296 in
1016 2266 1295 2297 Acharnensibus
1324 2265 1405 2295 dicit
1439 2275 1476 2295 se
1506 2275 1582 2294 cum
1611 2274 1744 2295 summa
1770 2264 2006 2304 indignatione
2035 2274 2056 2293 a

282 2322 450 2353 Chaeride
479 2326 651 2352 cantatum
682 2327 715 2351 et
743 2321 846 2351 illotis
870 2320 942 2350 eius
965 2320 1109 2350 hominis
1137 2320 1293 2350 manibus
1323 2324 1507 2349 tractatum
1539 2319 1685 2354 audisse,
1715 2329 1746 2349 v.
1777 2319 1833 2349 16:
1856 2318 2057 2357 διεστράφην

279 2376 364 2411 ἰδών,
382 2376 393 2415 ΙΙ
410 2376 463 2406 ὅτε
481 2376 518 2412 δὴ
537 2375 703 2413 παρέκυψε
720 2375 827 2412 Χαῖρις
847 2374 896 2405 ἐπὶ
908 2374 964 2404 τὸν
980 2373 1097 2411 ὄρθιον.
1127 2373 1355 2404 Proverbium
1371 2378 1445 2404 erat
1461 2374 1568 2411 Χαῖρις
1584 2373 1671 2413 ᾄδων
1687 2373 1810 2413 ὅρθιον;
1827 2372 1913 2404 conf.
1927 2372 2056 2403 Paroe-

280 2430 403 2469 miogr.
427 2428 485 2459 Gr.
508 2429 584 2459 edd.
605 2428 755 2458 Leutsch
780 2434 813 2458 et
836 2428 937 2459 Schn.
960 2427 984 2465 I,
1008 2437 1040 2466 p.
1065 2429 1137 2458 462:
1163 2428 1212 2458 ἐπὶ
1234 2429 1299 2458 τῶν
1321 2426 1487 2465 εὐφώνων.
1518 2426 1535 2456 ὁ
1559 2426 1620 2464 γὰρ
1636 2426 1744 2464 Χαῖρις
1760 2426 1899 2464 αὐλητὴς
1915 2426 2059 2464 Θηβαῖος

278 2483 327 2520 ἦν.
372 2483 476 2512 Plura
500 2483 542 2512 de
566 2482 737 2512 Chaeride
761 2488 795 2512 et
819 2481 891 2511 eius
915 2481 1033 2511 schola
1056 2482 1147 2520 apud
1170 2481 1264 2512 Suid.
1289 2491 1314 2513 s,
1338 2491 1368 2511 v.
1392 2481 1558 2518 Χαιριδεῑς,
1590 2489 1678 2519 quae
1703 2480 1955 2510 enarrationem
1979 2489 2058 2509 con—

278 2537 385 2566 tinent
402 2537 445 2565 ad
462 2536 641 2574 Aristoph.
668 2535 819 2565 Acharn.
836 2545 866 2565 v.
884 2536 959 2565 866:
982 2535 1139 2574 Χαιριδεῖς
1164 2535 1347 2574 βομβαύλιοι
1363 2539 1587 2574 spectantem.
1631 2533 1686 2564 De
1702 2534 1814 2563 Nomo
1832 2533 1944 2563 orthio
1961 2533 2061 2562 locus
