2386 3167
454 534 557 584 Sed
598 554 624 584 e
664 532 933 584 lVlusarum
977 535 1223 600 palaestra
1266 534 1330 584 ad
1371 534 1530 584 maius
1571 554 1705 584 nunc
1743 547 1789 584 et
1828 535 2092 601 augustius

312 618 532 669 officium
582 638 714 668 anno
760 629 983 668 vertente
1032 637 1285 667 vocamur.
1361 617 1763 684 Appropinquat
1814 617 1946 667 enim
1986 618 2092 668 dies

312 702 605 752 laetissimus
672 701 1117 767 faustissimusque.
1180 720 1281 767 quo
1333 701 1479 751 Deus
1529 701 1773 767 Optimus
1832 701 2092 751 Maximus

311 785 511 851 populis
567 784 870 835 Germaniae
927 803 1176 834 summam
1234 784 1495 851 quondam
1554 785 1765 835 salutem
1819 786 2090 852 prospexit,

312 888 413 935 quo
455 868 534 919 die
571 868 758 935 patriae
797 879 937 934 pater
967 883 1265 920 IMPERATOR
1299 883 1635 918 GERMANlcvs
1669 884 2091 920 Grofflosissmvs

312 968 414 1002 Rex
449 968 654 1002 nosTER
690 968 1124 1002 CLEMENTIssnn‘s
1156 946 1594 997 GVILELMVS
1623 959 1735 998 ante
1759 948 1883 999 haec
1905 970 2090 1001 novem

312 1030 556 1080 decennia
595 1030 796 1080 condita
831 1031 995 1081 lucem
1034 1031 1278 1097 adspexit.
1331 1031 1487 1080 Hunc
1528 1031 1658 1081 diem
1702 1051 1818 1081 cum
1857 1033 2092 1084 universa

310 1114 469 1179 patria
502 1113 794 1164 universitas
829 1134 1033 1180 quoque
1071 1125 1239 1164 nostra
1265 1125 1407 1181 grata
1435 1134 1557 1180 erga
1584 1134 1879 1180 supremum
1901 1135 2090 1166 numen

310 1198 490 1263 pietate
531 1197 914 1247 concelebrabit.
943 1197 1179 1248 Publicae
1214 1209 1381 1247 autem
1408 1197 1752 1264 gratulationis
1782 1208 1829 1247 et
1869 1218 2091 1249 commu-

310 1280 449 1330 nium
479 1292 711 1330 votorum
740 1281 982 1347 interpres
1012 1282 1184 1332 existet
1211 1281 1284 1331 vir
1308 1280 1664 1331 illustrissimus
1690 1298 1919 1332 NERGEN
1948 1299 2092 1334 BONA

310 1381 495 1420 MEYER,
542 1380 749 1415 RECTOR
794 1381 1177 1416 UNIVERsiTAns
1220 1381 1545 1417 MAGNIFICVS.
1622 1363 1748 1413 Eius
1788 1376 1840 1413 ut
1881 1364 2091 1414 orationi

309 1444 586 1511 ceterisque
635 1445 960 1495 sollemnibus
1009 1457 1243 1512 prompto
1296 1446 1588 1513 lubentique
1638 1447 1806 1497 animo
1853 1447 2090 1503 intersint,

309 1527 463 1594 ipsius
504 1527 823 1595 inlustrisque
887 1540 1088 1579 senatus
1152 1529 1354 1580 nomine
1419 1541 1704 1580 curatorem
1754 1530 2090 1581 universitatis

309 1611 586 1678 egregium,
628 1610 936 1678 professores
965 1612 1312 1679 amplissimos,
1353 1613 1586 1663 doctores
1616 1613 1928 1669 clarissimos,
1958 1634 2090 1664 com-

308 1694 554 1744 militones
593 1695 946 1751 ornatissimos,
996 1696 1312 1762 magistratus
1358 1696 1524 1763 regios
1573 1696 1919 1762 imperatorios
1959 1697 2090 1747 urbi-

308 1796 393 1827 cos
444 1778 831 1844 spectatissimos
883 1791 929 1828 et
974 1779 1263 1846 quicunque
1313 1779 1463 1827 rebus
1503 1778 1682 1828 nostris
1723 1798 1780 1828 ac
1818 1779 2089 1829 litterarum

307 1860 482 1910 studiis
534 1862 663 1911 bene
714 1861 897 1913 volunt.
954 1881 1054 1927 qua
1096 1882 1184 1927 par
1221 1873 1293 1912 est
1333 1861 1653 1911 observantia
1690 1881 1930 1929 rogamus
1970 1862 2089 1912 invi-

307 1954 482 1993 tamus,

934 2547 1021 2565 Homnae
1038 2548 1095 2571 typis
1112 2549 1185 2568 Caroli
1201 2548 1284 2573 Georgi
1301 2554 1392 2573 typogr.
1407 2549 1469 2569 acad.
