2298 3147
1114 223 1132 253 8

236 326 342 365 p.305
367 330 400 354 et
413 324 563 354 Doriens
585 323 628 358 12,
655 323 729 358 3233
754 322 796 351 de
809 319 1049 353 XVilamowitZ,
1073 318 1198 359 Isyllos
1221 331 1253 360 p.
1278 321 1330 356 ’ὣς
1353 326 1506 350 nostram
1532 320 1713 350 diatribam
1736 320 1769 350 in
1784 320 1878 351 Pind.
1901 320 2013 351 locum

235 379 277 409 de
301 379 388 407 ludis
412 377 511 416 Pyth.
535 376 682 415 Sicyon..
717 375 869 410 Bonnae⁷
901 374 979 404 1883
1002 383 1034 412 p.
1054 373 1096 409 4),
1126 374 1169 403 ab
1198 374 1424 413 epigonorum
1449 374 1595 413 ingeniis
1617 373 1853 403 humilioribus
1877 380 1910 404 et
1934 375 2010 404 sub-

234 432 387 463 limitatis
412 431 572 469 antiquae
594 440 662 460 non
687 430 754 459 iam
778 428 963 468 capacibus
987 426 1182 457 debilitatus
1208 434 1241 458 et
1267 434 1473 458 extenuatus
1497 434 1579 457 erat.

461 592 487 622 6.
532 591 586 621 De
611 590 760 629 Olympi,
784 590 919 619 auletae
943 587 1176 626 antiquissimi,
1201 588 1367 627 Epicedio
1391 588 1423 617 in
1446 594 1592 618 mortem
1617 587 1786 618 draconis.

381 684 452 714 Iam
481 683 585 723 igitur
611 682 644 711 in
678 682 787 721 prima
814 681 872 711 illa
900 686 979 720 post
1004 679 1177 710 Crisaeum
1208 681 1336 710 bellum
1360 681 1563 720 Pythiorum
1587 680 1818 710 sollemnitate
1841 681 1908 709 hoc
1931 679 2012 709 arti·-

230 737 352 768 ficibus
376 737 450 771 illis,
476 736 599 775 quibus
623 736 710 765 assis
733 734 825 765 tibiis
849 735 1047 764 certandum
1071 740 1172 769 esset,
1196 734 1412 774 propositum
1433 734 1504 769 fuit,
1529 740 1565 764 ut
1582 735 1736 774 mythum
1754 734 2015 773 sanctissimum,

233 790 404 830 Apollinis
424 800 498 820 cum
516 791 665 819 dracone
681 797 842 827 pugnam,
866 788 981 822 tibiae,
1006 788 1154 818 omnium
1171 789 1410 818 miraculorum
1426 789 1676 828 procreatricis‚
1700 799 1784 819 voce
1809 794 1842 818 et
1864 787 2015 818 artificiis

235 850 445 875 enarrarent.
493 842 568 882 Qua
594 843 625 872 in
650 852 686 872 re
709 852 813 871 unum
834 843 1019 872 notandum
1046 847 1106 873 est.
1152 842 1217 872 Hic
1240 842 1399 872 tibiarum
1423 842 1456 871 in
1480 852 1521 872 eo
1546 848 1750 882 argumento
1774 852 1855 872 usus
1870 842 2015 881 Delphis

233 899 380 929 minume
413 907 555 937 prorsus
588 903 668 926 tunc
691 906 801 926 novus
831 902 865 925 et
889 896 1059 925 inauditus
1083 902 1164 927 erat.
1207 896 1295 926 Nam
1319 896 1346 925 si
1370 896 1440 925 ulla
1464 902 1516 925 est
1541 896 1874 926 narratiuncularum
1897 896 1930 925 in
1951 896 2016 926 hoc

233 953 423 983 litterarum
446 961 576 991 genere
598 950 694 985 fides,
717 950 784 979 iam
809 950 937 989 aliquot
961 950 1131 980 decenniis
1154 956 1234 980 ante
1258 950 1426 989 Olympus
1450 959 1495 980 ex
1512 950 1666 989 Phrygia
1689 950 1826 980 advena
1853 950 1885 979 in
1910 950 2016 979 sacris

232 1006 411 1045 Delphicis
434 1005 517 1035 tibia
539 1005 718 1035 cecinerat.
754 1004 835 1033 Eius
859 1014 942 1033 vero
968 1010 1087 1034 cantus
1103 1009 1342 1043 argumentum
1359 1003 1480 1041 fuerat,
1504 1021 1545 1024 —
1566 1004 1667 1042 quale
1685 1004 1828 1033 censes?
1853 1004 2016 1034 Planctus

237 1062 279 1090 de
312 1065 422 1090 morte
456 1059 622 1098 Pythonis
657 1058 814 1088 draconis
850 1058 894 1087 ab
931 1057 1092 1097 Apolline
1128 1058 1235 1088 caesi:
1278 1056 1489 1097 Epz'cedz'mn.
1534 1057 1609 1087 Res
1649 1057 1781 1096 optimo
1820 1057 2016 1087 testimonio

233 1114 436 1144 Aristoxeni
460 1114 492 1142 in
516 1112 692 1142 Historiae
715 1111 866 1141 musicae
889 1112 976 1141 libro
999 1111 1014 1141 Ι
1036 1112 1161 1146 nititur,
1185 1118 1289 1151 atque
1312 1112 1511 1142 harmoniae
1535 1122 1672 1151 quoque
1698 1121 1809 1151 genus
1832 1111 2016 1141 memoriae

233 1168 395 1198 traditum
431 1172 504 1197 erat
527 1167 544 1203 ἡ
568 1166 706 1204 Λυδιστί,
735 1175 824 1204 quae
852 1166 897 1194 ad
920 1171 1055 1194 cantum
1078 1165 1259 1205 lugubrem
1283 1171 1364 1205 apta
1389 1172 1442 1195 est
1465 1166 1657 1205 (ἐπιτήδειος
1680 1166 1762 1204 πρὸς
1788 1167 1906 1203 θρῆνον
1928 1164 2016 1196 Plut.

233 1233 316 1252 muS.
351 1222 411 1260 15).
446 1221 650 1250 Plutarchus
681 1220 700 1250 l.
726 1230 766 1250 s:
809 1213 980 1257 ’Όλυμπον
1011 1221 1070 1257 γὰρ
1097 1223 1225 1258 πρῶτον
1249 1216 1473 1258 Ἀριστόξενος
1497 1220 1531 1250 ἐν
1554 1223 1598 1260 τῷ
1622 1220 1738 1259 πρώτῳ
1762 1220 1833 1257 περὶ
1849 1219 2017 1257 Μουσικῆς

233 1277 282 1307 ἐπὶ
306 1279 350 1316 τῷ
373 1276 501 1306 Πύθωνί
524 1283 623 1313 φησιν
646 1275 824 1311 ἐπικήδειον
848 1274 983 1311 αὐλῆσαι
1007 1273 1143 1304 Λυδιστί.
1198 1273 1284 1304 conf.
1322 1274 1552 1303 Ritschelium
1585 1273 1618 1303 in
1650 1273 1941 1303 commentatione
1975 1273 2018 1302 de

234 1330 396 1370 Olympo,
421 1329 544 1368 Opusc.
568 1328 591 1367 Ι,
616 1329 684 1359 264,
725 1327 956 1367 Guhrauerus7
981 1328 1041 1356 der
1065 1327 1165 1367 Pyth.
1189 1328 1320 1357 Nomos
1343 1337 1374 1366 p.
1400 1328 1460 1357 332
1485 1327 1773 1366 ingeniosissume
1801 1326 1929 1361 statuit,
1952 1326 2018 1356 hoc

233 1383 434 1424 Epicedz'ltm
459 1384 500 1412 ad
526 1393 642 1412 sacras
665 1382 698 1411 in
723 1382 815 1412 cultu
838 1381 1009 1421 Delphico
1033 1381 1257 1411 caerimonias
1282 1381 1366 1411 tibia
1389 1386 1564 1411 cantatum
1591 1390 1680 1417 esse,
1705 1391 1785 1410 nam
1809 1380 2019 1419 distinguen-

235 1440 315 1468 dum
333 1448 408 1467 esse
425 1443 583 1467 accurate
597 1436 684 1465 inter
700 1436 805 1465 tibiae
822 1436 852 1465 in
878 1435 984 1465 sacris
1006 1435 1219 1465 caerimoniis
1242 1445 1340 1465 usum
1357 1441 1390 1465 et
1407 1445 1503 1464 usum
1524 1435 1557 1464 in
1573 1435 1662 1464 ludis
1679 1434 1825 1474 publicis
1842 1434 2018 1464 hominum

235 1491 463 1529 delectationi,
500 1490 608 1520 oculis
642 1490 849 1528 auribusque
883 1490 1064 1528 pascendis
1095 1490 1283 1519 destinatis.
1334 1489 1433 1519 lllum
1456 1499 1554 1519 usum
1579 1498 1713 1518 sacrum
1737 1489 1912 1527 aliquanto
1934 1487 2018 1518 anti-

234 1547 389 1586 quiorem
411 1545 525 1575 fuisse.
569 1544 708 1583 Olympi
730 1542 933 1583 Epl'cedz'um
958 1544 1038 1573 illud
1070 1544 1199 1583 optime
1233 1554 1308 1573 cum
1340 1543 1472 1583 reliqua
1496 1543 1635 1582 Olympi
1660 1542 1827 1573 memoria
1850 1541 2017 1581 congruit,

233 1611 312 1631 nam
337 1600 428 1630 nomi
451 1609 588 1638 quoque
612 1599 683 1628 eius
707 1599 912 1636 ἑπιτυμβίδιοι
935 1603 1252 1631 commemorantur,
1278 1597 1402 1626 Pollux
1425 1596 1484 1636 IV,
1510 1597 1566 1627 78:
1604 1597 1695 1634 νόμοι
1725 1597 1759 1626 δὲ
1784 1591 1945 1634 Ὀλύμπου
1968 1595 2019 1625 καὶ

234 1655 391 1693 Μαρσύου
413 1654 543 1692 Φρύγιοι
567 1654 616 1683 καὶ
637 1653 753 1692 Λύδιοι,
778 1652 795 1683 ὁ
818 1654 852 1683 δὲ
865 1653 994 1683 Σακάδα
1016 1653 1114 1690 νόμος
1126 1651 1267 1689 Πυθικός
1291 1677 1296 1681 .
1315 1677 1319 1682 .
1338 1676 1343 1682 .
1365 1675 1370 1685 ,
1393 1652 1444 1682 καὶ
1467 1647 1628 1690 Ὀλύμπου
1646 1650 1864 1689 ἑπιτυμβίδιοι,
1896 1649 2019 1688 Itaque

234 1710 433 1739 threnorum
455 1717 591 1746 quoque
614 1706 733 1741 forma,
758 1707 890 1746 opinor,
913 1707 1047 1736 nomica
1067 1706 1139 1744 fuit,
1163 1707 1255 1745 quod
1281 1716 1428 1745 magnae
1452 1706 1608 1736 utilitatis
1633 1712 1685 1736 est
1712 1705 1756 1735 ad
1770 1704 1910 1734 Pindari
1927 1713 2018 1733 com-

234 1762 416 1803 positionis
429 1762 525 1800 leges
538 1767 631 1791 recte
645 1761 904 1800 intellegendas,
928 1760 1066 1799 Olympi
1077 1759 1276 1799 Epiceclium
1290 1770 1411 1789 nomus
1426 1766 1477 1789 est
1491 1760 1664 1795 auleticus,
1679 1769 1836 1789 assarum
1849 1757 2018 1787 tibiarum.

235 1816 369 1850 Clonas,
394 1815 626 1845 aulodicorum
648 1824 827 1844 nomorum
850 1814 1081 1851 auctorOElut.
1106 1825 1188 1844 mus.
1212 1815 1248 1844 3:
1280 1815 1410 1852 Κλονᾶν,
1433 1815 1488 1845 τὸν
1514 1816 1643 1852 πρῶτον
1667 1813 1918 1851 συστησάμενον
1942 1812 2018 1849 τοὺς

235 1871 431 1911 αὐλῳδικοὺς
455 1869 600 1908 νόμους),
636 1878 773 1898 nomum
797 1868 996 1907 Epicedium
1020 1869 1210 1898 aulodicum
1235 1869 1436 1907 composuit.
1483 1868 1571 1898 Nam
1591 1869 1692 1898 valde
1718 1878 1801 1897 sane
1825 1865 2019 1896 verisimilis

235 1931 288 1955 est
321 1924 502 1962 ingeniosa
527 1923 734 1962 westphalii
762 1922 968 1961 coniectura,
1004 1933 1071 1961 qua
1093 1923 1186 1961 apud
1209 1922 1431 1952 Plutarchum
1455 1932 1538 1952 mus,
1563 1924 1581 1952 4
1605 1923 1677 1953 init.
1700 1921 1732 1951 in
1758 1920 2018 1952 enumeratione

236 1988 413 2008 nomorum
450 1977 682 2007 aulodicorum
718 1987 736 2006 e
769 1976 892 2005 litteris
926 1982 1086 2015 corrupte
1118 1975 1251 2005 traditis
1283 1986 1316 2006 τε
1353 1977 1403 2006 καὶ
1427 1979 1514 2015 δεῑος
1541 1976 1672 2006 effecit:
1708 1976 1896 2012 ἐπικήδειος,
1932 1972 2018 2003 conf.

236 2032 430 2071 XVestphaL
453 2031 575 2062 (iesch.
601 2032 661 2061 der
685 2031 776 2060 alten
800 2031 868 2060 und
891 2030 1058 2061 mittelalt.
1082 2030 1206 2064 Musik,
1237 2029 1251 2058 Ι
1276 2030 1530 2067 (Vratislaviae,
1558 2031 1663 2069 1864),
1687 2040 1718 2069 p.
1743 2029 1783 2059 98
1809 2034 1841 2058 et
1866 2028 2019 2057 eiusdem

235 2085 409 2115 Plutarchi
444 2086 486 2115 de
520 2085 605 2116 Mus.
642 2085 826 2114 editionem
863 2083 1026 2122 (Vratish
1062 2085 1153 2120 1865)
1187 2093 1218 2122 p.
1250 2086 1269 2114 4
1303 2091 1336 2115 et
1370 2085 1418 2115 73.
1463 2084 1644 2115 Guhrauer
1674 2085 1692 2115 l.
1720 2094 1744 2114 s,
1779 2094 1811 2123 p.
1835 2084 1896 2113 332
1931 2088 2018 2112 extr.

235 2140 472 2169 Volkmannus
496 2139 640 2168 coniecit
663 2139 823 2176 Τενέδιος,
848 2137 956 2167 fretus
979 2138 1161 2178 proverbio
1183 2134 1355 2177 “Teve'biog
1379 2139 1550 2178 αὐλητής”,
1574 2138 1693 2177 Steph.
1717 2138 1798 2177 Byz.
1820 2148 1853 2177 p.
1878 2137 1947 2171 615,
1982 2136 2019 2166 19

237 2195 290 2225 ed.
310 2193 412 2223 Mein.
459 2193 640 2231 Bergkius,
676 2192 763 2222 Hist.
788 2192 866 2222 Litt.
891 2191 949 2222 Gr.
973 2192 1013 2226 ΙΙ,
1048 2193 1108 2223 220
1139 2191 1320 2231 proposuit
1344 2191 1469 2229 Ξένιος,
1507 2191 1634 2221 collato
1669 2190 1797 2220 Cratini
1831 2189 1955 2229 fragm.
1979 2190 2019 2219 52

237 2247 289 2277 ed.
313 2246 415 2276 Mein.

321 2400 347 2429 Τ.
393 2398 543 2428 Pollucis
566 2398 661 2428 locus
685 2397 975 2428 celebratissimus
999 2398 1056 2433 IV,
1089 2398 1128 2429 84
1158 2399 1200 2428 de
1223 2398 1325 2428 Nomi
1349 2398 1484 2438 Pythici
1507 2397 1617 2427 forma
1641 2402 1674 2427 et
1698 2396 1934 2436 dispositione.

386 2486 456 2516 Sed
488 2487 530 2516 ab
565 2487 629 2516 hoc
665 2486 830 2526 Epicedio
855 2488 1012 2517 draconis
1045 2499 1186 2529 prorsus
1221 2489 1377 2519 diversus
1412 2494 1464 2519 est
1496 2488 1553 2518 ille
1583 2488 1714 2518 Nomus
1751 2487 1890 2526 tibialis,
1926 2486 2020 2516 cuius

238 2546 478 2579 argumentum
512 2540 684 2579 Apollinis
718 2551 794 2570 cum
830 2542 980 2572 dracone
1016 2543 1183 2581 proelium
1218 2542 1289 2582 fuit,
1324 2543 1376 2572 eui
1409 2552 1472 2581 per
1506 2541 1724 2572 eminentiam
1760 2540 1861 2571 Nomi
1882 2538 2020 2579 Pythici
