2357 3220
1103 240 1136 270 Π

219 351 275 376 est
298 343 451 384 inprimis
474 344 668 374 luculentus
692 341 784 381 apud
807 340 912 370 Dion.
937 338 1056 378 Chrys
1080 339 1105 373 Ι,
1134 341 1145 369 l
1172 348 1277 378 supra
1301 347 1322 367 a
1344 337 1445 367 nobis
1469 338 1604 369 allatus.
1650 337 1831 377 Olympus,
1856 337 2017 367 vetustis-

221 400 327 430 simus
349 399 432 429 artis
456 398 583 429 tibialis
609 395 761 437 signifer,
784 403 923 424 nomurn
945 393 978 423 in
991 392 1183 424 Minervam
1204 392 1411 432 composuit,
1438 402 1540 431 quem
1560 391 1648 422 Plut.
1665 402 1749 423 muS.
1769 393 1809 423 353
1824 392 1877 422 bis
1901 391 2017 427 affert;

223 464 344 485 verum
369 454 442 484 isne
465 453 598 484 orthius
620 450 731 486 suerit,
763 459 881 484 necne,
904 458 971 478 non
996 447 1079 477 satis
1103 452 1247 482 constat,
1278 447 1357 477 licet
1382 445 1568 486 Olympum
1591 456 1730 476 nomum
1754 447 1903 477 orthium
1927 457 2017 477 com-

219 508 380 549 posuisse
397 508 499 538 valde
520 505 706 536 verisimile
730 504 773 534 sit
794 502 928 533 collatis
946 501 1129 537 Plutarchi,
1155 512 1238 532 mus.
1254 501 1271 532 7
1290 507 1376 531 extr.
1394 501 1525 531 verbis:
1550 502 1750 539 Στησίχορος
1767 526 1772 532 .
1792 526 1798 531 .
1818 527 1823 532 .
1840 502 2019 540 ἐμιμήσατο

222 589 228 595 .
252 589 258 594 .
282 563 460 601 Ὄλυμπον,
484 561 688 600 χρησάμενος
711 561 755 599 τῷ
775 556 933 598 Ἁρματίῳ
957 557 1045 596 νόμῳ
1062 557 1111 586 καὶ
1135 559 1178 596 τῷ
1193 556 1273 587 κατὰ
1289 555 1448 586 δάκτυλον
1471 556 1558 593 εἴδει,
1588 555 1606 586 ὅ
1623 566 1707 593 τινες
1733 556 1765 587 ἐξ
1789 556 1899 594 ὀρθίου
1915 556 2018 594 νόμου

221 618 323 657 φασὶν
346 616 434 648 εἶναι.
476 616 532 646 De
555 615 678 644 eodem
701 622 806 642 nomo
831 612 929 642 Plato
956 611 1046 642 Crat.
1069 621 1101 650 p.
1125 612 1185 642 413
1209 616 1296 640 extr.
1321 609 1416 649 loqui
1439 610 1583 641 videtur.

370 670 428 700 Ab
444 678 548 699 nomo
568 666 676 697 tibiali
697 666 812 696 orthio
829 671 991 695 accurate
1015 664 1228 695 distinendus
1247 670 1299 694 est
1326 674 1449 694 nomus
1465 664 1599 694 arllu'us
1614 664 1845 695 cl'llmrmz'l'cus
1861 666 1892 695 in
1910 665 2019 705 Apol-

221 726 332 756 linem.
384 724 418 754 Is
444 723 532 753 inter
553 720 748 760 Terpandri
777 730 900 750 nomos
923 725 1003 749 octo
1034 726 1249 754 recensetum
1274 719 1400 749 Pollux
1423 719 1482 755 IV,
1507 720 1562 750 63:
1587 719 1652 750 ἀπὸ
1680 720 1808 758 ῥυθμῶν
1834 720 1945 758 ὄρθιος
1969 721 2020 751 καὶ

220 780 380 817 τροχαῖος.
413 776 621 806 Plutarchus
642 784 728 805 mus.
764 775 783 804 4
815 779 950 812 septem
981 778 1113 803 tantum
1137 774 1330 813 Terpandri
1364 784 1486 804 nomos
1522 780 1701 804 enumerat
1734 774 1846 804 orthio
1880 775 2021 806 omisso,

221 832 348 864 Suidas
371 835 491 861 contra
514 829 644 868 optime
669 829 782 859 orthio
807 827 1002 867 Terpandri
1025 828 1265 867 patrocinatur
1288 838 1313 858 s,
1339 838 1369 858 v.
1399 826 1514 867 νόμος]
1541 828 1558 858 ὁ
1584 828 1795 867 κιθαρῳδικὸς
1818 828 1940 866 τρόπος
1963 830 2021 866 τῆς

221 886 394 927 μεσῳδίας,
417 884 573 923 ἁρμονίαν
598 884 680 922 ἔχων
703 884 821 921 τακτὴν
845 883 896 913 καὶ
920 882 1040 921 ῥυθμὸν
1064 883 1251 920 ὡρισμένον.
1304 881 1390 919 ἦσαν
1413 882 1449 912 δὲ
1472 878 1494 912 Z'
1519 881 1549 911 οἱ
1570 881 1634 912 ὑπὸ
1657 881 1875 920 Τερπάνδρου,
1906 881 1951 912 ὧν
1977 880 2022 919 εἷς

221 941 340 980 ὄρθιος,
365 939 532 978 τετράδιος
555 938 694 975 (Pollux
717 938 936 979 τετραῴδιος),
960 936 1044 974 ὀξύς.
1090 936 1253 967 Similiter
1276 936 1368 966 idem
1393 946 1417 966 s,
1442 946 1472 966 v.
1497 935 1608 974 ὄρθιον
1629 935 1739 974 νόμον.
1777 935 1913 966 Deinde
1938 947 1963 966 s.
1990 946 2020 966 v.

221 990 492 1033 ἀμφιανακτίζειν]
528 992 616 1032 ᾄδειν
639 992 696 1022 τὸν
719 991 930 1030 Τερπάνδρου
960 990 1060 1028 νόμον
1088 991 1144 1021 τὸν
1172 990 1375 1028 καλούμενον
1402 990 1521 1029 ὄρθιον,
1553 990 1570 1020 ὃ
1595 990 1682 1031 αὐτῷ
1709 991 1878 1029 προοίμιον
1903 991 2022 1028 ταύτην

221 1048 280 1086 τὴν
303 1047 405 1086 ἀρχὴν
431 1046 532 1084 εἶχεν·
557 1046 637 1084 ἀμφὶ
662 1056 714 1083 μοι
737 1045 814 1076 αὖτε
838 1044 949 1082 ἄναχθ“
974 1043 1171 1082 ἑκαταβόλον
1191 1042 1202 1084 Η
1225 1043 1357 1074 ἀειδὲτω
1379 1044 1465 1082 φρήν
1497 1042 1555 1082 [cf.
1580 1043 1710 1083 Bergk,
1742 1043 1835 1074 Poet.
1859 1043 1938 1083 Lyr.
1963 1043 2022 1074 Gr.

222 1102 295 1142 111⁴,
319 1112 352 1141 p.
375 1102 393 1131 9
418 1106 452 1131 et
476 1100 592 1130 Schol.
617 1100 796 1139 Aristoph.
831 1099 942 1130 Nubb.
967 1096 1051 1139 5913}
1098 1098 1165 1129 ἔστι
1188 1099 1222 1129 δὲ
1246 1099 1281 1129 ἐν
1308 1098 1474 1136 Εὐνείδαις
1497 1099 1547 1128 καὶ
1570 1098 1604 1129 ἐν
1628 1096 1809 1138 Ἀναγύρῳ,
1867 1098 2023 1128 Iiunidae

224 1155 396 1196 (Εὐνεῖδαὶ,
421 1153 510 1184 conf.
535 1153 706 1192 Harpocr.
732 1159 765 1183 et
788 1152 941 1192 Hesych.
966 1162 990 1182 s,
1008 1158 1049 1188 v.)
1073 1162 1196 1182 nomen
1219 1158 1272 1183 est
1294 1153 1412 1192 gentis
1433 1153 1584 1187 Atticae,
1609 1153 1640 1182 in
1663 1163 1732 1192 qua
1755 1163 1811 1182 ars
1835 1153 1963 1183 musica
1989 1159 2023 1183 ct

223 1208 416 1239 orchestica
458 1208 491 1237 in
532 1218 596 1237 usu
631 1217 808 1238 sacrorum
838 1206 1048 1237 hereditaria
1082 1206 1262 1246 disciplina
1295 1209 1572 1247 propagabatur.
1636 1207 1821 1247 Harpocr.:
1868 1208 1953 1245 ἦσαν
1988 1209 2023 1239 δὲ

224 1263 397 1304 κιθαρῳδοὶ
419 1263 501 1301 πρὸς
525 1263 583 1301 τὰς
607 1262 789 1300 ἱερουργίας
815 1262 1013 1300 παρέχοντες
1039 1262 1156 1299 χρείαν.
1198 1261 1355 1292 Cratinus
1380 1268 1469 1292 teste
1493 1262 1679 1292 Athenaeo
1704 1262 1784 1297 XV,
1806 1272 1838 1302 p.
1863 1264 1945 1293 (505⁶
1969 1272 2023 1291 co-

225 1318 404 1352 moediam,
436 1317 488 1347 cui
511 1326 637 1346 nomen
664 1322 738 1347 erat
759 1317 913 1351 Εὐνεῑδαι,
941 1315 1137 1355 scripserat,
1166 1315 1260 1346 cuius
1283 1322 1536 1356 argumentum,
1567 1324 1603 1346 ut
1626 1316 1806 1355 ingeniose
1831 1316 2026 1355 suspicatur

225 1372 409 1412 Bergkius,
438 1373 481 1402 de
505 1371 620 1410 Reliq.
647 1381 733 1401 com.
761 1371 835 1401 Att.
861 1377 929 1402 ant.
953 1380 986 1410 p.
1010 1370 1049 1400 72
1075 1370 1154 1405 init„
1186 1380 1242 1400 ars
1268 1370 1397 1401 musica
1419 1377 1493 1400 erat
1517 1371 1561 1400 ab
1586 1380 1700 1401 novae
1724 1371 1925 1410 disciplinae
1949 1380 2022 1400 scc-

224 1425 395 1455 tatoribus
423 1431 586 1464 corrupta
618 1430 651 1455 et
683 1434 703 1454 a
725 1431 845 1455 vetere
873 1424 1047 1463 gravitate
1076 1425 1119 1454 ad
1148 1425 1317 1455 lenocinia
1348 1425 1505 1456 deducta.
1564 1425 1619 1455 De
1652 1434 1756 1455 nomo
1780 1425 1885 1464 igitur
1908 1425 2022 1454 orthio

225 1479 438 1510 eitharodico
455 1489 559 1509 unum
576 1479 726 1509 maxime
744 1484 897 1509 constat:
922 1478 995 1509 eius
1011 1479 1190 1518 rhythmos
1206 1478 1313 1509 fuisse
1335 1478 1549 1519 magnifiCOS‚
1572 1489 1700 1519 graves
1718 1485 1752 1509 et
1768 1480 1890 1518 plenos
1908 1478 2025 1509 stimu-

225 1535 347 1570 lorum,
381 1533 507 1573 quibus
541 1535 586 1563 ad
620 1534 781 1563 virtutem
815 1533 981 1563 mortales
1015 1533 1257 1564 excitarentur.
1316 1533 1371 1563 De
1405 1534 1470 1563 hac
1502 1533 1574 1563 eius
1607 1533 1698 1563 nomi
1727 1539 1851 1563 natura
1882 1534 2025 1572 pulchre

229 1588 392 1619 disseruit
414 1588 566 1627 Sopater
590 1588 824 1627 Apameensis
848 1588 1140 1618 Neo-Platonicus
1163 1588 1254 1627 apud
1279 1588 1328 1618 Io.
1353 1588 1451 1619 Stob.
1475 1587 1592 1618 Floril.
1616 1589 1666 1627 44,
1690 1589 1739 1623 51,
1764 1589 1829 1619 vol.
1848 1588 1889 1627 Il,
1914 1598 1945 1627 p.
1963 1589 2024 1618 222

229 1643 282 1674 ed.
306 1642 485 1674 Meineke:
513 1645 557 1683 τῷ
581 1643 638 1680 μέν
665 1653 700 1679 γε
724 1643 780 1674 τὸν
809 1643 908 1680 λόγον
936 1643 1142 1683 διατιθεμένῳ
1171 1643 1310 1681 χαλεπὸν
1335 1643 1432 1674 οὐδὲν
1462 1643 1497 1674 ἐκ
1519 1645 1584 1674 τῶν
1615 1642 1722 1681 ἄκρων
1745 1642 2025 1681 παραγγελμάτων

225 1698 282 1729 τὸν
305 1697 416 1736 ὄρθιον
439 1699 496 1735 τῆς
519 1697 636 1736 ἀρετῆς
660 1698 748 1737 ᾄδειν
772 1697 882 1735 νόμον.

305 1871 352 1901 16.
396 1870 499 1900 Nomi
523 1870 734 1906 citharodici‚
757 1876 879 1910 utpote
903 1871 1113 1910 vetustioris,
1137 1872 1397 1911 compositionis
1419 1882 1540 1902 norma
1564 1871 1741 1912 specimini
1764 1871 1826 1902 fuit
1849 1881 1953 1901 nomo

419 1925 574 1956 auletico.
621 1925 818 1965 Progressu
841 1931 1036 1965 temporum
1061 1927 1093 1956 in
1116 1927 1208 1956 nomi
1232 1927 1369 1957 auletici
1392 1927 1548 1967 partibus
1573 1927 1835 1957 denominandis

568 1989 796 2015 numerorum,
827 1980 951 2020 quibus
974 1986 1163 2021 conceptae
1187 1987 1312 2017 essent,
1336 1990 1468 2021 genera
1490 1981 1685 2012 valuerunt.

376 2083 449 2114 Iam
480 2083 585 2123 igitur
618 2088 656 2113 ut
693 2093 861 2114 summam
884 2094 1014 2120 eorum,
1053 2095 1142 2125 quae
1166 2084 1427 2125 disputavimus,
1466 2085 1679 2125 colligamus,
1717 2086 1784 2115 duo
1808 2085 1901 2115 nomi
1925 2085 2028 2115 orthii

228 2137 463 2178 distinguendi
499 2143 594 2169 sunt:
628 2138 761 2168 orthius
794 2138 960 2169 auleticus
996 2145 1030 2170 et
1064 2139 1301 2171 citharodicus.
1349 2139 1535 2179 Quaeritur
1570 2145 1647 2170 uter
1669 2140 1838 2170 vetustior
1862 2140 1915 2175 sit,
1952 2145 2029 2170 uter

228 2191 338 2222 utrius
361 2191 460 2231 quasi
484 2192 674 2232 exemplar,
699 2192 794 2223 cuius
818 2192 1026 2223 lineamenta
1049 2194 1137 2224 alter
1160 2194 1311 2225 imitatus
1338 2195 1390 2229 sit,
1415 2194 1527 2225 fuerit.
1567 2194 1757 2224 Historiam
1775 2195 1860 2225 artis
1877 2195 2030 2225 musicae

229 2246 543 2286 contemplantibus
582 2247 723 2276 dubium
761 2257 829 2277 non
866 2247 940 2287 erit,
976 2248 1056 2287 quin
1089 2247 1179 2277 nomi
1213 2248 1415 2279 citharodici
1455 2248 1669 2288 antiquiores
1703 2248 1779 2280 sint.
1842 2249 2031 2279 Nomorum

229 2300 494 2340 Apollineorum
521 2300 689 2330 memoria
718 2311 763 2331 ex
786 2302 872 2331 urbe
897 2300 1034 2332 Cretica
1057 2303 1190 2332 Tarrha
1216 2307 1381 2342 tanquam
1408 2313 1428 2332 a
1451 2302 1547 2332 fonte
1572 2309 1698 2338 manat,
1733 2303 1765 2332 in
1798 2313 1867 2342 qua
1891 2303 2031 2333 Carma—

229 2355 324 2385 noris
354 2354 452 2391 filius,
489 2354 751 2395 Chrysothemis
787 2363 886 2386 vates
910 2357 1040 2396 primus
1062 2366 1201 2387 nonium
1224 2357 1269 2386 ad
1293 2357 1470 2393 citharam,
1507 2367 1547 2386 ac
1572 2357 1666 2387 solus
1688 2357 1831 2396 quidem.
1868 2357 2030 2388 cantavit.

230 2408 421 2439 Pausanias
445 2410 488 2439 de
513 2409 724 2440 Carmanore
747 2410 794 2445 X,
824 2411 868 2445 16,
899 2412 938 2441 5:
965 2412 1180 2448 συγγενέσθαι
1203 2435 1210 2442 .
1233 2436 1240 2441 .
1265 2414 1302 2451 τῇ
1327 2411 1519 2442 Ἀκακιλλίδι
1540 2412 1735 2442 Ἀπόλλωνα
1757 2412 1792 2442 ἐν
1813 2411 1904 2442 πόλει
1921 2412 2032 2452 Τάρρᾳ

231 2463 282 2494 καὶ
313 2463 390 2503 οἴκῳ
427 2463 650 2501 Καρμάνορος;
684 2469 718 2494 et
738 2463 784 2503 X,
820 2465 847 2499 7,
882 2466 910 2496 2.
956 2465 1155 2503 Χρυσύθεμις
1183 2465 1217 2496 ἐκ
1240 2466 1372 2504 Κρήτης,
1409 2465 1447 2496 οὗ
1472 2466 1509 2503 δὴ
1537 2465 1554 2496 ὁ
1577 2466 1682 2504 πατὴρ
1706 2467 1831 2502 λέγεται
1855 2465 2033 2504 Καρμάνωρ

231 2518 366 2555 καθῆραι
383 2517 589 2549 Ἀπόλλωνα.
646 2518 702 2548 De
725 2519 836 2548 nomis
861 2528 881 2547 a
898 2518 1188 2559 Chrysothemide
1210 2519 1359 2550 inventis
1376 2520 1522 2550 Proclus
1538 2520 1571 2549 in
1589 2520 1880 2555 Chrestomathia,
1905 2519 2031 2560 Script.

230 2570 367 2602 Metrici
391 2570 515 2602 Graeci
539 2572 592 2602 ed.
615 2571 813 2611 Westphal‚
849 2572 914 2603 vol.
936 2573 959 2608 1,
993 2573 1086 2613 Lips.
1113 2575 1200 2614 1886,
1222 2584 1255 2614 p.
1281 2575 1341 2605 245
1368 2575 1506 2606 edocet:
1531 2575 1729 2613 Χρυσόθεμις
1753 2574 1771 2604 ὁ
1797 2575 1878 2613 Κρὴς
1902 2576 2033 2613 πρῶτος
