2298 3147
1168 226 1204 255 18

298 332 400 368 στολῇ
425 328 625 366 χρησάμενος
649 327 795 364 ἐκπρεπεῖ
817 326 867 356 καὶ
890 325 1021 363 κιθάραν
1045 324 1210 362 ἀναλαβὼν
1229 325 1263 362 ἐς
1287 324 1414 360 μίμησιν
1438 324 1494 352 τοῦ
1525 319 1733 359 Ἀπόλλωνος,
1759 322 1858 359 μόνος
1880 322 1924 359 (h.
1953 332 1980 352 e.
2004 321 2077 351 sine

299 383 416 419 choro)
440 383 498 421 ῇσε
522 381 631 418 νόμον.
667 379 925 419 Chrysothemis
948 379 1071 408 deinde
1089 377 1233 416 Delphis
1255 379 1287 407 in
1312 386 1426 416 agone
1449 375 1577 405 musico
1601 384 1704 404 nomo
1722 380 1859 404 cantato
1876 376 1957 405 vicit
1973 381 2076 415 atque

303 442 382 476 post
407 445 482 465 eum
507 434 729 469 Philammon,
756 433 880 462 deinde
902 431 1097 471 Thamyri53
1129 430 1228 461 Paus.
1252 430 1297 465 X,
1323 431 1349 469 7,
1374 432 1408 461 ⁴2:
1446 431 1505 471 ᾖσε
1529 431 1577 460 καὶ
1600 429 1745 466 ἐνίκησεν
1769 430 1856 469 ᾄδων
1880 429 2076 467 Χρυσόθεμις

299 491 333 521 ἐκ
358 490 478 527 Κρήτης
503 513 508 518 .
527 512 556 518 ..
580 487 817 525 Χρυσοθέμιδος
842 487 876 516 δὲ
898 486 1036 523 ὕστερον
1060 483 1254 522 Φιλάμμωνά
1276 495 1309 515 τε
1332 486 1398 525 ᾠδῇ
1422 485 1656 522 μνημονεύουσι
1679 485 1814 520 νικῆσαι,
1838 483 1888 513 καὶ
1903 482 1949 513 ἐπ’
1967 483 2076 523 ἐκείνῳ

300 543 440 580 Θάμυριν
462 542 518 572 τὸν
541 541 762 578 Φιλάμμωνος.
806 538 891 568 Cum
914 539 1019 578 igitur
1041 547 1218 568 nomorum
1242 538 1529 569 citharodicorum
1555 548 1611 568 ars
1627 537 1793 567 vetustior
1813 537 1905 576 apud
1922 535 2077 566 Graecos

303 597 355 631 sit,
389 605 490 634 quam
525 594 757 632 aulefficorum,
794 593 990 623 necessario
1028 592 1188 631 sequitur,
1224 592 1256 622 in
1292 593 1526 631 dispositionis
1558 598 1591 622 et
1625 591 1883 631 compositionis
1919 590 2078 620 universa

301 650 432 680 ratione
455 658 607 678 normam
634 647 921 677 citharodicorum
945 656 1007 686 pro
1030 646 1249 676 fundamento
1273 652 1306 676 et
1329 647 1450 686 regula
1473 646 1654 676 universae
1677 645 1775 685 poesi
1791 644 1948 674 nomicae
1963 643 2078 674 fuisse.

305 704 377 733 Iam
403 712 504 732 unum
533 701 720 732 certissime
744 706 894 731 constat:
918 700 1111 730 umbilicum
1136 699 1312 738 (ὀμφαλόν)
1335 699 1605 739 antiquissimam
1623 705 1656 729 et
1671 699 1884 738 potissimam
1900 707 2078 728 nomorum

303 763 436 797 partem
460 756 574 786 fuisse.
614 754 792 785 Mesodica
814 754 1017 793 compositio
1041 763 1082 783 ea
1105 757 1165 788 est,
1188 753 1221 783 in
1244 763 1312 793 qua
1335 763 1495 783 maxume
1518 753 1634 793 poesis
1658 753 1811 783 uomicae
1832 753 1884 782 vis
1908 757 1941 782 et
1957 757 2078 782 natura

302 811 519 850 conspicitur.
563 809 687 840 Suidas
710 820 734 839 s.
754 819 784 839 v.
807 809 920 847 νόμος]
946 808 963 839 ὁ
987 807 1193 847 κιθαρῳδικὸς
1216 808 1337 845 τρόπος
1359 810 1416 845 τῆς
1438 807 1608 848 μεσῳδίας.
1647 807 1745 837 Circa
1762 807 1959 837 umbilicum
1975 807 2079 836 archa

305 871 339 894 et
363 864 533 903 sphragis,
557 869 591 892 ut
616 863 647 892 in
672 873 817 901 corpore
840 863 1002 896 membra⁷
1027 867 1106 900 apte
1131 865 1166 890 et
1187 862 1374 899 συμμέτρως
1398 861 1484 890 sitae
1508 866 1592 890 sunt.
1632 861 1762 890 Nomos
1786 861 1889 900 igitur
1913 860 2078 890 auleticos

301 917 417 948 statim
440 918 484 946 ab
500 916 594 946 initio
613 916 756 945 eandem
769 915 1026 955 compositionis
1042 916 1154 954 legem
1170 920 1306 945 secutos
1324 924 1400 944 esse
1413 914 1690 944 verisimillimum
1709 919 1770 952 est,
1791 920 1827 943 ut
1843 914 1932 944 circa
1948 914 2079 943 umbili-

308 982 382 1001 cum
393 980 528 1010 semper
537 976 654 1009 partes
668 975 701 999 et
714 971 757 999 ad
771 970 1046 1009 praeparandum
1060 975 1093 999 et
1107 969 1149 998 ad
1163 969 1433 999 concludendum
1452 974 1556 1007 aptae
1573 967 1933 1003 circumfunderentur,
1957 968 2079 1007 quibus

304 1025 395 1054 haud
426 1024 528 1053 dubie
561 1024 633 1053 eius
658 1024 740 1053 artis
767 1023 861 1053 initio
885 1024 1006 1053 eadem
1035 1022 1180 1061 nomina⁷
1209 1033 1298 1062 quae
1321 1022 1353 1051 in
1376 1021 1587 1052 citharodico
1609 1031 1712 1051 nomo
1735 1021 1913 1051 sollemnia
1936 1021 2080 1061 fuerunt,

306 1080 411 1108 archa
435 1083 468 1108 et
493 1077 661 1117 sphragis,
686 1077 790 1107 indita
815 1083 900 1107 sunt.
944 1077 1072 1107 Postea
1096 1086 1178 1106 sane
1200 1082 1392 1116 temporum
1415 1085 1605 1115 progressu
1628 1075 1682 1105 ille
1706 1075 1821 1115 potius
1838 1085 1913 1105 mos
1930 1075 2081 1112 invaluit,

308 1138 343 1162 ut
367 1142 410 1161 ex
433 1141 649 1161 numerorum
674 1137 707 1161 et
730 1132 976 1171 rhythmorum,
1001 1131 1123 1170 quibus
1145 1131 1373 1163 decurrerent,
1397 1136 1519 1159 natura
1541 1139 1721 1159 nomorum
1744 1134 1861 1168 partes
1885 1129 2082 1159 denomina-

300 1192 426 1224 rentur,
449 1185 541 1225 quod
560 1185 731 1214 luculento
755 1185 846 1214 nomi
869 1184 1004 1224 Pythici
1027 1184 1186 1223 exemplo
1210 1184 1405 1214 illustratur.

406 1350 450 1380 17.
496 1349 549 1379 De
573 1349 689 1388 poesis
714 1354 748 1378 et
771 1349 915 1379 musices
942 1350 1124 1379 aulodicae
1146 1354 1269 1379 natura
1292 1355 1325 1378 et
1348 1350 1572 1388 proprietate.
1620 1350 1742 1380 Tibiae
1766 1360 1840 1380 cum
1865 1351 1974 1390 elegis

737 1403 939 1442 lugubribus
964 1409 1092 1433 arctam
1116 1404 1400 1434 necessitudinem
1423 1403 1645 1434 intercedere.

453 1506 642 1536 Nomorum
677 1511 882 1536 structuram
918 1512 1119 1546 regnantem
1151 1507 1297 1537 vidimus
1330 1507 1361 1536 in
1397 1512 1471 1537 arte
1506 1507 1717 1537 citharodica
1750 1512 1783 1537 et
1812 1506 1968 1537 auletica.
2012 1506 2085 1537 Iam

307 1559 444 1590 tertium
480 1560 610 1590 accedit
642 1570 760 1599 genus,
795 1560 937 1591 Graecis
972 1571 1131 1591 maxume
1164 1561 1333 1595 dilectum,
1357 1559 1556 1599 aulodlkvtm,
1591 1561 1623 1590 in
1653 1570 1720 1599 quo
1745 1571 1821 1591 cum
1843 1561 1948 1591 tibiae
1974 1561 2085 1591 modis

309 1623 379 1643 vox
413 1613 560 1642 humana
591 1614 817 1652 pulcherrima
848 1614 1026 1644 harmonia
1059 1614 1284 1644 consociatur.
1335 1614 1445 1644 Huius
1489 1615 1636 1645 musices
1674 1614 1926 1645 vetustissimus
1964 1621 2084 1646 auctor

307 1666 442 1701 Clonas,
484 1667 675 1706 Terpandri
717 1669 871 1707 aequalis
907 1669 1022 1707 paullo
1058 1670 1166 1699 minor
1201 1675 1292 1704 natu,
1309 1669 1516 1708 perhibetur,
1555 1679 1656 1708 quem
1690 1669 1848 1699 Arcades
1882 1669 2084 1708 Tegeatam,

310 1721 433 1751 Boeoti
457 1721 658 1751 Thebanum
682 1722 814 1761 origine
841 1722 947 1753 fuisse
971 1724 1237 1760 adseverabant3
1272 1724 1359 1753 Plut.
1384 1734 1466 1754 mus.
1491 1726 1526 1754 5:
1569 1725 1692 1761 Κλονᾶς
1716 1725 1750 1754 δὲ
1774 1724 1791 1754 ὁ
1815 1727 1877 1754 τῶν
1901 1723 2086 1763 αὐλῳδικῶν

308 1775 414 1812 νόμων
438 1776 572 1813 ποιητὴς
597 1775 614 1805 ὁ
637 1776 733 1816 ὀλίγῳ
756 1775 893 1814 ὕστερον
915 1776 1121 1815 Τερπάνδρου
1143 1778 1328 1816 γενόμενος,
1351 1778 1395 1815 ὼς
1426 1780 1482 1815 μὲν
1510 1778 1669 1816 ’Ἀρκάδες
1694 1779 1833 1814 λέγουσι,
1856 1777 2014 1815 Τεγεάτης
2037 1778 2086 1815 ἦν,

309 1830 356 1866 ὼς
380 1829 415 1859 δὲ
438 1829 579 1865 Βοιωτοὶ,
605 1829 753 1867 Θηβαῖος,
790 1829 993 1869 Multiplicia
1017 1830 1088 1861 eius
1110 1837 1179 1861 tam
1196 1832 1229 1861 in
1245 1842 1283 1862 re
1299 1833 1438 1867 musica,
1460 1842 1562 1872 quam
1583 1832 1616 1862 in
1632 1832 1730 1871 poesi
1745 1832 1868 1861 merita
1884 1832 2087 1862 Heraclides

315 1883 406 1921 apud
431 1882 646 1912 Plutarchum
671 1884 832 1923 celebrat,
856 1895 939 1915 mus.
962 1886 981 1915 3
1005 1891 1089 1917 extr.
1121 1886 1243 1924 ὁμοίως
1266 1887 1301 1916 δὲ
1324 1885 1520 1926 Τερπάνδρῳ
1544 1886 1667 1916 Κλονᾶν
1691 1887 1747 1916 τὸν
1772 1888 1901 1923 πρῶτον
1924 1885 2087 1923 συστησά-

312 1946 408 1973 μενον
431 1937 507 1974 τοὺς
531 1937 727 1978 αὐλῳδικοὺς
748 1938 869 1976 νόμους
893 1939 943 1969 καὶ
964 1940 1122 1977 προσόδια
1145 1941 1293 1977 ἐλεγείων
1316 1951 1349 1971 τε
1373 1941 1423 1971 καὶ
1446 1941 1532 1971 ἐπῶν
1555 1941 1689 1978 ποιητὴν
1711 1941 1886 1976 γεγονέναι.
1927 1939 1982 1969 Ac
2005 1939 2088 1969 tibia

313 1989 451 2028 quidem
476 1990 541 2019 iam
565 1991 808 2030 antiquissimis
831 1993 1043 2031 temporibus
1065 1993 1185 2024 foedus
1208 1994 1305 2033 quasi
1328 1994 1400 2023 iniit
1419 2004 1494 2024 cum
1518 2004 1559 2023 eo
1575 1994 1799 2032 potissumum
1815 1992 1933 2032 poesis
1948 2002 2086 2031 genere,

309 2053 378 2082 quo
404 2044 505 2073 sortis
527 2045 697 2074 humanae
719 2044 887 2084 fragilitas
908 2050 942 2075 et
965 2046 1201 2083 inconstantia,
1234 2058 1302 2087 quo
1335 2048 1440 2087 ipsius
1467 2054 1611 2078 naturae
1636 2057 1749 2077 rerum
1776 2048 1924 2077 caducus
1948 2047 2086 2076 omnino

311 2102 345 2127 et
380 2097 560 2127 immaturo
594 2104 750 2136 tempore
778 2108 983 2128 exarescens
1007 2099 1070 2129 flos
1094 2107 1282 2131 caneretur.
1317 2102 1451 2132 Etenim
1474 2101 1591 2140 poesis
1615 2101 1791 2140 elegiacae
1813 2101 1899 2131 haec
1924 2101 1967 2130 ab
1992 2101 2087 2131 initio

310 2156 433 2181 natura
455 2151 526 2186 fuit,
559 2161 647 2190 quae
680 2152 756 2190 ipso
788 2152 854 2182 iam
887 2153 1124 2192 rhythmorum
1157 2165 1286 2195 genere
1320 2156 1352 2185 in
1387 2155 1535 2185 catalexi
1570 2156 1717 2194 abrupto
1743 2160 1777 2184 et
1799 2154 1967 2184 introrsus
1991 2154 2087 2194 quasi

311 2215 433 2244 presso
464 2205 639 2239 indicatur,
675 2211 711 2235 ut
748 2206 894 2236 animum
926 2216 993 2236 non
1027 2212 1096 2237 tam
1128 2209 1218 2239 laete
1251 2209 1343 2238 vitae
1378 2209 1477 2238 donis
1501 2208 1679 2245 fruentem,
1712 2218 1815 2247 quam
1839 2209 1882 2238 de
1905 2209 2032 2238 amissa
2054 2213 2087 2238 et

312 2264 433 2297 erepta
452 2258 615 2288 felicitate
638 2265 836 2298 querentem
860 2265 894 2290 et
916 2261 1089 2300 lugentem
1111 2262 1338 2301 profiteretur.
1383 2261 1501 2301 Atque
1524 2263 1609 2292 haec
1631 2263 1753 2292 eadem
1776 2267 1828 2292 est
1843 2262 2089 2292 vetustissuma

313 2312 492 2341 aulodicae
516 2312 598 2341 artis
636 2312 776 2351 species.
821 2313 875 2343 De
912 2313 970 2343 illo
1008 2314 1164 2346 tibiarum
1202 2325 1278 2345 cum
1313 2316 1422 2354 elegis
1455 2316 1499 2345 ab
1533 2315 1627 2345 initio
1655 2315 1797 2345 foedere
1824 2315 2013 2346 luculentus
2037 2321 2090 2345 est

313 2365 487 2394 Plutarchi
525 2365 620 2395 locus
653 2366 695 2395 de
731 2376 812 2396 mus.
837 2368 868 2397 8:
897 2368 931 2398 ἐν
965 2367 1044 2407 ἀρχῇ
1068 2370 1126 2407 γὰρ
1149 2370 1270 2406 ἐλεγεῖα
1294 2370 1565 2407 μεμελοποιημένα
1588 2370 1617 2399 oi
1641 2370 1781 2409 αὐλῳδοὶ
1804 2370 1891 2410 ᾖδον.
1935 2372 2031 2400 τοῦτο
2055 2371 2089 2400 δὲ

314 2420 406 2456 δηλοῖ
428 2419 446 2455 ἡ
471 2421 533 2449 τῶν
555 2419 789 2457 Παναθηναίων
811 2421 918 2459 γραφὴ
942 2421 960 2458 ἡ
982 2422 1052 2459 περὶ
1075 2426 1130 2453 τοῦ
1153 2426 1305 2461 μουσικοῦ
1339 2423 1473 2461 ἀγῶνος.
1527 2422 1584 2452 Ad
1607 2424 1747 2453 threnos
1764 2423 1867 2462 igitur
1884 2429 1917 2453 et
1935 2423 2091 2462 epicedia

314 2472 537 2510 potissumum
550 2473 633 2503 tibia
646 2474 798 2513 lugubris
822 2484 859 2503 se
882 2474 1061 2513 applicuit3
1085 2476 1195 2507 Schol.
1212 2477 1389 2516 Aristoph.
1407 2477 1496 2508 Avv.
1515 2477 1590 2507 217:
1615 2478 1683 2514 τοῖς
1696 2479 1769 2514 σοῖς
1790 2478 1927 2514 ἐλέγοις]
1943 2477 2089 2514 Δίδυμος

312 2525 348 2556 δέ
362 2534 469 2564 φησιν,
482 2527 529 2558 ὅτι
546 2528 574 2558 oi
589 2528 670 2565 πρὸς
686 2528 785 2558 αὐλὸν
801 2528 950 2565 ἀδόμενοι
967 2530 1024 2565 (sc.
1042 2529 1156 2569 ἕλεγοι)
1174 2534 1291 2569 θρῆνοι.
1316 2531 1396 2561 conf
1409 2531 1519 2560 Procl.
1535 2530 1725 2561 Chrestom.
1743 2530 1957 2569 edNVestph.
1976 2540 2007 2568 p.
2021 2530 2090 2566 242,
