2357 3220
1162 268 1195 298 ll

276 363 470 404 perpusillo
496 365 736 395 tantummodo
752 364 994 404 supplemento
1013 363 1142 393 inserto
1167 363 1254 395 effici
1269 372 1395 405 postet.
1434 366 1556 399 Scribe
1568 370 1670 400 ndum
1689 376 1754 401 est:
1779 368 1850 413 [ὡς]
1867 372 2075 411 Τιμοσθένης.

281 419 421 455 omisso,
458 425 495 450 ut
518 419 739 457 sescentien5‚
761 419 871 449 verbo
896 417 1041 449 dicendi.
1086 416 1222 449 Deinde
1243 419 1392 458 βούλεται
1416 421 1460 451 ad
1485 421 1658 453 Sacadam
1682 423 1899 456 referendum
1923 432 1984 462 est,
2007 427 2075 467 qui,

275 474 568 513 quemadmodum
585 473 725 509 Strabo,
759 472 992 503 Timosthenis
1008 471 1165 511 vestigiis
1183 473 1352 510 incedens,
1376 476 1492 515 tradit,
1515 476 1690 517 Apollinis
1705 480 1872 511 adversus
1889 481 2074 512 draconem

275 533 455 559 certarnen
478 537 520 558 eo
546 534 648 559 cantu
673 528 850 558 celebrare
871 522 1069 558 “voluerit'1

426 582 482 613 Ac
507 587 602 613 recte
625 581 755 613 Strabo
781 581 836 612 vel
859 581 1102 611 Timosthenes
1124 582 1240 621 potius
1263 583 1369 614 utitur
1395 587 1503 616 verbo
1529 587 1689 625 βούλεται;
1725 599 1803 620 nam
1827 590 1906 621 licet
1929 592 2075 623 admira-

280 637 358 667 bilis
383 636 485 668 fuerit
508 636 667 668 Sacadae
691 646 757 671 ars,
780 636 813 666 in
837 635 947 666 tibiali
970 635 1102 666 musica
1125 647 1176 675 ea,
1199 647 1288 677 quae
1312 638 1394 669 data
1418 649 1525 680 opera
1549 651 1604 672 res
1627 649 1748 682 gestas
1761 644 1921 680 imitatur.
1945 647 2073 687 aliquid

279 701 416 731 semper
448 692 541 721 haud
573 690 676 720 dubie
699 690 842 720 interest
864 690 952 721 inter
974 685 1105 721 “velle’'
1128 697 1162 721 et
1183 688 1339 731 “posse''‚
1376 695 1470 733 quod
1494 695 1553 725 tali
1576 696 1661 734 viro,
1698 698 1808 737 qualis
1832 699 2074 733 Timosthenes

279 745 350 781 fuit,
389 745 422 775 in
456 745 550 775 vitae
584 744 792 775 commercio
822 750 856 774 et
878 754 992 774 rerum
1018 743 1276 776 difficultatibus
1299 747 1442 778 multum
1466 749 1604 791 iactato,
1627 753 1852 790 premendum
1875 754 1986 786 visum
2011 763 2073 788 est.

279 799 368 831 Hinc
406 799 564 839 profecto
594 799 652 829 illa
686 809 831 830 censura
854 799 1062 839 explicanda
1087 804 1148 839 est,
1181 810 1269 840 quae
1291 801 1376 832 latet
1398 802 1430 833 in
1456 804 1610 842 βούλεται.
1656 806 1770 837 Locus
1793 808 1898 847 igitur
1922 809 1969 840 ita
1991 812 2071 842 scri-

279 855 414 886 bendus
443 860 508 885 est:
546 854 760 892 ἐμελοποίησε
792 855 849 892 μὲν
870 853 929 885 οὖν
953 853 1126 892 [Σακάδας,
1149 856 1208 894 ὼς]
1233 855 1442 896 Τιμοσθένης,
1478 858 1496 889 ὁ
1526 859 1689 899 ναύαρχος
1789 863 1935 900 βούλεται
1959 866 1993 896 δὲ
2016 867 2072 898 τὸν

282 909 392 946 ἀγῶνα
425 911 483 940 τοῦ
518 904 723 947 ’Λπόλλωνος
758 909 814 940 τὸν
847 910 929 948 πρὸς
964 909 1020 940 τὸν
1052 908 1212 947 δράκοντα
1246 910 1296 942 διὰ
1330 913 1387 942 τοῦ
1420 913 1538 951 μέλους
1568 914 1685 952 ὑμνεῖν.
1729 916 1791 947 Vir
1822 918 2074 951 eruditissimus

279 962 472 999 Gutnauer,
497 963 658 1003 quoniam
684 963 832 1002 βούλεται
857 964 901 993 ad
924 963 1184 994 Timosthenem
1210 964 1322 1001 refert,
1348 968 1601 999 emendandum
1614 976 1746 1002 censet:
1773 971 1949 1011 ὑμνεῖσθαι,
1978 976 2072 1014 quod

279 1017 500 1058 ingeniosum
531 1028 609 1048 esse
643 1027 744 1048 nemo
780 1016 989 1052 infitiabitur‚
1025 1019 1086 1048 sed
1121 1027 1189 1057 quo
1224 1029 1310 1059 opus
1339 1030 1407 1051 non
1433 1028 1494 1053 est.
1541 1022 1700 1064 Denique
1723 1026 1941 1066 participium
1964 1031 2071 1067 δηλῶν

279 1082 419 1112 quoque
454 1072 487 1102 in
521 1072 638 1103 verbis
674 1072 913 1112 sequentibus:
949 1072 1123 1111 ἄγκρουσιν
1157 1074 1193 1104 τὸ
1217 1075 1384 1113 προοίμιον
1407 1078 1514 1114 δηλῶν
1538 1076 1712 1108 Sacadam
1736 1080 1926 1112 subiectum
1949 1083 2071 1120 habet:

274 1128 394 1158 subest
417 1127 470 1157 his
493 1127 611 1157 verbis
635 1127 722 1158 sicut
745 1127 908 1158 membris
931 1128 1094 1158 continuo
1118 1128 1340 1167 sequentibus
1363 1130 1469 1160 tacita
1491 1132 1584 1162 nomi
1600 1132 1727 1163 tibialis
1744 1143 1819 1165 curn
1836 1135 2070 1168 citharoedico

278 1180 504 1220 comparatio.
544 1180 626 1211 Cum
651 1181 684 1210 in
708 1188 810 1211 cantu
833 1181 877 1211 ad
901 1181 1069 1211 citharam
1092 1191 1178 1212 voce
1202 1190 1234 1213 et
1256 1183 1372 1214 verbis
1395 1185 1509 1216 omnia
1532 1196 1694 1218 maxume
1720 1189 1813 1220 clara
1837 1196 1871 1221 et
1886 1192 2070 1231 perspicua

275 1235 352 1275 sint,
387 1235 539 1265 musicae
572 1235 692 1271 tibiali,
724 1244 814 1275 quae
844 1236 981 1275 quidem
1005 1246 1060 1266 res
1083 1242 1201 1275 gestas
1223 1238 1369 1278 pingere
1392 1240 1474 1275 volt,
1511 1241 1624 1271 omnia
1647 1241 1831 1274 artificiose
1855 1245 2069 1277 elaboranda

273 1295 362 1324 sunt,
401 1294 506 1329 atque
534 1299 663 1330 magna
697 1290 894 1320 auditorum
926 1291 1172 1331 intellegentia,
1199 1293 1418 1329 dexteritate,
1443 1295 1610 1325 emunctis
1633 1296 1792 1335 profecto
1816 1299 1956 1329 naribus
1978 1310 2066 1340 opus

277 1350 340 1379 est,
371 1350 409 1374 ut
440 1344 554 1373 omnia
584 1344 772 1384 capiantur.
818 1345 896 1376 Hoc
924 1352 977 1376 est
1010 1346 1125 1385 igitur,
1163 1348 1255 1386 quod
1283 1347 1346 1378 sibi
1375 1347 1522 1379 formula
1546 1350 1632 1381 volt:
1676 1350 1852 1390 ἄγκρουσιν
1875 1353 1893 1384 ὁ
1916 1355 2065 1395 Σακάδας

274 1400 368 1437 δηλοῖ
391 1398 428 1429 τὸ
451 1399 628 1437 προοίμιον.
667 1398 754 1429 Nam
778 1401 898 1437 δηλοῦν
923 1409 998 1430 cum
1023 1400 1148 1440 duplici
1171 1402 1366 1433 accusativo
1382 1410 1615 1435 constructum
1632 1415 1699 1436 non
1717 1412 1769 1436 est
1784 1408 1878 1447 quod
1895 1408 2064 1445 miremur,

273 1452 443 1493 siquidem
467 1451 660 1492 Sophocles
683 1452 724 1484 O.
751 1452 786 1484 C.
811 1454 870 1484 783
895 1454 996 1485 dixit:
1020 1454 1064 1493 ὥς
1088 1463 1126 1486 σε
1151 1457 1286 1494 δηλώσω
1313 1457 1421 1489 κακόν.
1461 1457 1559 1498 Quae
1583 1469 1658 1490 cum
1682 1460 1730 1491 ita
1753 1461 1828 1494 sint.
1856 1463 2065 1501 planissume

275 1507 343 1537 iam
368 1513 528 1538 constare
551 1507 698 1543 videtur,
720 1508 973 1547 explicationes
996 1509 1146 1549 quinque
1170 1510 1300 1541 illarum
1323 1512 1417 1542 nomi
1433 1512 1568 1552 Pythici
1584 1514 1746 1553 partium,
1771 1526 1860 1556 quae
1877 1525 2064 1557 sequuntur

272 1562 366 1602 apud
389 1560 607 1598 Strabonem,
632 1572 710 1593 eum
733 1569 869 1593 mutuas
892 1563 1080 1603 sumpsisse
1104 1575 1148 1595 ex
1165 1565 1395 1596 Timosthenis
1419 1567 1534 1607 aliquo
1549 1578 1667 1608 opere,
1691 1579 1731 1600 ac
1747 1580 1909 1601 maxume
1925 1573 2064 1612 quidem

274 1617 504 1656 probabiliter
527 1627 571 1647 ex
597 1627 650 1655 eo,
675 1617 728 1648 cui
749 1618 867 1648 titulus
888 1617 951 1649 fuit
974 1615 1230 1660 “Exfgrcsscm'ss
1253 1622 1543 1660 quemadmodum
1573 1623 1639 1653 iarn
1661 1624 1855 1664 suspicatus
1879 1632 1930 1657 est
1954 1626 2065 1658 Guhr-

265 1681 389 1702 auerus
412 1681 444 1711 p.
468 1672 529 1703 31ss
553 1677 641 1702 extr.

404 1852 449 1884 10,
492 1852 594 1882 Nomi
616 1851 753 1892 Pythici
776 1862 858 1892 pars
881 1853 1004 1888 media,
1029 1855 1121 1894 apud
1145 1854 1319 1886 Pollucem
1343 1857 1380 1887 τὸ
1401 1856 1566 1896 Ἰαμβικόν,
1597 1868 1664 1898 qua
1688 1860 1803 1899 specie
1825 1860 1936 1892 fuerit.

472 1939 473 1944 ¹
500 1906 657 1937 Sacadas
681 1905 869 1937 finxeritne
895 1908 1081 1938 draconem
1107 1910 1150 1939 ab
1176 1910 1338 1949 Apolline
1362 1918 1497 1941 centum
1523 1912 1670 1952 sagittis,
1696 1924 1738 1944 an
1761 1925 1828 1946 una

1015 1963 1089 1992 sola
1113 1964 1318 1996 confossum.

412 2053 484 2083 Iam
509 2053 615 2093 igitur
640 2059 678 2083 ut
702 2053 899 2093 singillatim
923 2054 1024 2085 Nomi
1041 2055 1176 2096 Pythici
1201 2062 1318 2095 partes
1342 2058 1587 2095 examinemus,
1616 2066 1793 2099 optumum
1819 2062 1883 2092 erit
1906 2073 1925 2093 a
1946 2064 2060 2094 media

261 2114 372 2147 parte,
387 2117 476 2147 quae
490 2107 662 2147 Omphalo
676 2118 856 2138 nomorum
869 2109 1158 2140 citharodicorum
1173 2112 1368 2151 respondet,
1395 2112 1525 2142 initium
1540 2123 1676 2153 capere.
1700 2113 1786 2145 Eam
1798 2123 1941 2155 partem,
1954 2128 2058 2158 quam

258 2157 479 2192 “huminum’'
492 2162 619 2193 Pollux
631 2170 745 2198 vocat,
770 2163 898 2194 Strabo
916 2166 1182 2203 κατακελευσμὸν
1197 2172 1380 2205 nuncupat,
1405 2177 1482 2197 curn
1495 2167 1677 2198 iambicam
1689 2175 1825 2208 partein
1842 2180 1907 2201 non
1922 2172 2059 2204 omittat

263 2215 412 2255 quidem,
439 2216 501 2245 sed
527 2225 699 2255 proxume
717 2217 853 2247 demum
866 2224 947 2257 post
961 2219 1109 2249 mediam
1121 2219 1275 2251 collocet.
1312 2220 1432 2251 Verba
1445 2221 1627 2253 Strabonis
1650 2231 1729 2254 sunt
1741 2223 1804 2259 IX,
1828 2235 1858 2265 p.
1875 2226 1933 2257 421
1954 2233 2056 2259 extr.:

260 2269 435 2308 ἄγκρουσιν
449 2271 506 2308 μὲν
522 2271 559 2301 τὸ
575 2271 745 2308 προοίμιον
842 2296 848 2307 ,
871 2271 1028 2310 ἄμπειραν
1049 2274 1084 2304 δὲ
1107 2274 1165 2311 τὴν
1188 2273 1316 2313 πρώτην
1339 2275 1534 2314 κατάπειραν
1557 2279 1614 2308 τοῦ
1638 2277 1775 2316 ἀγῶνος,
1799 2282 2057 2319 κατακελευσμόν

259 2325 295 2355 δὲ
313 2324 413 2356 αὐτὸν
431 2325 489 2356 τὸν
506 2324 626 2361 ἀγῶνα,
649 2325 766 2364 ἴαμβον
782 2327 816 2358 δὲ
833 2327 883 2357 καὶ
899 2326 1056 2359 δάκτυλον
1072 2329 1128 2359 τὸν
1142 2328 1387 2367 ἐπιπαιανισμὸν
1399 2331 1456 2362 τὸν
1466 2331 1636 2369 γινόμενον
1652 2332 1702 2363 ἐπὶ
1718 2336 1754 2373 τῇ
1771 2333 1838 2374 νίκῃ
1854 2335 1932 2372 μετὰ
1953 2337 2056 2367 τοιού-

259 2389 323 2410 των
341 2379 478 2417 ῥυθμῶν.
514 2378 585 2410 Sed
601 2379 700 2409 huius
716 2381 922 2411 narrationis
940 2389 1061 2412 auctor
1077 2383 1378 2421 praestantissima
1394 2395 1507 2415 rerum
1525 2386 1729 2417 traditarum
1753 2388 1853 2428 copia
1875 2399 1941 2419 non
1966 2391 2057 2420 bene

258 2442 340 2463 usus
363 2438 416 2464 est
439 2439 474 2464 et
498 2434 654 2464 ordinem
677 2435 854 2473 pervertit.
893 2435 978 2475 Quis
1002 2437 1090 2467 enim
1114 2446 1246 2477 quaeso
1262 2447 1331 2468 non
1348 2438 1538 2479 intellegat,
1564 2443 1826 2479 κατακελευσμὸν
1841 2444 1934 2473 nullo
1951 2445 2055 2474 modo

257 2495 364 2524 posse
388 2485 500 2525 ipsam
523 2495 676 2525 pugnam
701 2493 735 2517 et
759 2488 964 2527 sagittarum
987 2490 1174 2528 grandines
1199 2491 1403 2531 significare,
1428 2494 1551 2533 quibus
1575 2494 1761 2526 draconem
1785 2497 1869 2526 deus
1886 2497 2056 2528 confecit?

257 2538 366 2570 Simili
399 2540 537 2570 ratione
569 2540 690 2571 tertius
720 2541 776 2571 ille
799 2549 920 2572 auctor
941 2544 1109 2582 peccavit,
1145 2545 1201 2584 qui
1229 2545 1271 2576 de
1295 2546 1409 2577 Nonio
1432 2547 1580 2588 Pythico
1603 2550 1734 2579 rettulit
1757 2551 1847 2587 (nam
1871 2551 1920 2581 eis
1943 2551 2055 2582 tribus

257 2593 465 2623 auctoribus
488 2594 684 2625 universam
708 2602 861 2626 nostram
889 2597 932 2627 de
955 2607 1058 2628 nomo
1082 2597 1228 2638 Pythico
1257 2601 1414 2631 notitiam
1439 2601 1508 2637 niti,
1542 2602 1608 2632 iarn
1632 2604 1834 2635 rectissume
1856 2604 2054 2635 Boeckhius
