2298 3147
1088 223 1125 253 12

216 332 440 367 cognoverat,
479 326 522 355 de
545 325 665 355 Metris
696 324 837 354 Pindari
860 334 892 363 p.
918 324 996 362 182),
1031 321 1143 352 Schol.
1171 322 1268 352 Pind.
1292 322 1392 362 Pyth.
1417 332 1488 362 arg.
1512 332 1544 361 p.
1567 322 1636 356 297,
1671 322 1728 361 qui
1746 318 1990 363 “Iambicum'‘‚

216 391 305 421 quae
338 380 429 420 apud
452 379 627 409 Pollucem
667 378 850 417 potissima
884 387 965 417 pars
999 381 1060 411 est,
1092 376 1136 406 ad
1170 376 1325 407 convicia
1356 377 1592 407 tantummodo
1616 377 1730 412 refert,
1764 377 1888 416 quibus
1912 382 1991 408 ante

215 444 369 474 pugnam
390 433 519 472 Apollo
544 433 732 463 draconem
757 431 959 462 lacessierit:
996 430 1107 468 ἴαμβον
1136 431 1171 461 δὲ
1200 431 1251 461 διὰ
1281 431 1337 468 τὴν
1361 431 1523 468 λοιδορίαν
1548 431 1605 468 τὴν
1627 431 1804 468 γενομένην
1828 430 1914 471 αὐτῷ
1936 432 1999 469 πρὸ

217 491 274 526 τῆς
309 488 422 526 μάχης·
467 487 590 524 λέγεταί
627 487 688 525 γὰρ
722 486 872 525 ἰαμβίζειν
905 485 941 516 τὸ
976 486 1141 522 λοιδορεῖν.
1178 484 1216 514 In
1251 485 1315 515 hac
1350 485 1453 524 igitur
1490 484 1763 515 testimoniorum
1799 483 2001 515 diversitate

216 542 342 572 Pollux
375 541 467 570 haud
494 540 596 571 dubie
632 549 752 570 omnes
780 539 860 569 fidei
882 544 915 569 et
939 537 1150 568 auctoritatis
1173 548 1333 569 numeros
1356 539 1469 570 habet.
1513 538 1586 568 Iam
1604 538 1708 578 igitur
1730 537 1865 569 mediae
1889 538 1998 577 partis

216 595 353 625 nomine
376 594 520 631 firmato,
551 595 593 623 de
619 599 823 633 argumento
853 592 1086 632 quaerendum
1109 597 1169 623 est.
1214 591 1331 632 Atque
1356 593 1388 622 in
1411 593 1607 623 universum
1631 592 1769 632 quidem
1792 592 1884 622 nulla
1906 592 2003 622 dubi-

216 649 301 679 tatio
325 659 401 679 esse
424 653 551 688 potest.
588 648 675 678 Nam
702 646 867 686 Sacadas,
894 656 996 686 quem
1018 655 1080 685 pro
1103 645 1239 685 Pythici
1259 646 1351 676 nomi
1374 646 1509 677 auletici
1532 652 1675 686 parente
1698 646 1819 677 haberi
1844 650 1995 686 oportet,

217 702 251 732 id
285 703 349 733 sibi
383 708 624 742 proposuerat,
659 708 694 732 ut
730 701 989 732 ferventissimis
1027 704 1060 729 et
1090 700 1363 730 concitatissimis
1395 701 1501 730 tibiae
1531 701 1643 731 modis
1666 701 1883 731 atrocitatem
1908 701 1997 731 illius

215 757 339 796 proelii
361 762 489 796 quanta
509 766 672 786 maxuma
693 762 813 795 posset
836 755 961 795 peritia
985 754 1029 784 ad
1052 753 1232 784 veritatem
1255 754 1474 793 exprimeret.

365 811 436 840 Iam
460 811 504 840 ad
527 811 615 840 hunc
639 819 752 840 rerum
775 819 943 839 conexum
966 808 1200 838 illustrandum
1222 807 1314 842 illud,
1345 808 1475 847 opinor,
1497 809 1708 848 aliquantum
1731 809 1873 844 confert,
1897 810 1991 849 quod

219 864 414 894 Simonides
449 864 644 903 Pythonem
674 864 804 893 culfum
835 861 975 902 sagiffz's
1005 860 1175 891 confixum
1209 863 1252 892 ab
1276 862 1440 901 Apolline
1473 868 1684 898 narraverat,
1720 864 1809 894 unde
1844 864 1997 903 Apollini

217 928 341 948 nomen
363 917 488 947 Hecafo
512 917 706 957 obtigisset3
730 917 879 947 Iulianus
902 916 1011 955 Epist.
1036 915 1075 945 24
1096 926 1129 955 p.
1153 915 1230 947 395(ἰ
1253 916 1381 955 Spanh.
1408 917 1563 958 Σιμωνίδῃ
1589 918 1623 948 δὲ
1647 917 1709 955 ἄρα
1724 921 1769 958 τῷ
1786 920 1899 959 μελικῷ
1915 919 1997 956 πρὸς

218 973 275 1010 τὴν
296 967 501 1010 Ἀπόλλωνος
525 971 682 1009 εὐφημίαν
705 971 792 1009 ἀρκεῖ
815 971 871 1002 τὸν
895 971 970 1001 θεὸν
985 969 1122 1000 Ἕκατον
1136 970 1343 1008 προσειπόντι
1366 995 1371 1000 .
1390 994 1395 1000 .
1413 996 1418 1001 .
1443 970 1523 1001 διότι
1538 971 1595 1001 τὸν
1609 971 1749 1002 Πύθωνα
1765 972 1822 1003 τὸν
1838 972 1998 1010 δράκοντα

219 1027 345 1065 βέλεσιν
369 1026 492 1059 ἑκατὸν,
526 1026 570 1063 ὥς
593 1033 703 1065 φησιν,
732 1026 936 1063 ἐχειρώσατο.
982 1022 1153 1054 Confiteor
1181 1034 1272 1061 sane,
1304 1024 1336 1053 in
1360 1024 1632 1054 controversiam
1656 1025 1721 1055 hoc
1744 1025 1861 1055 vocari
1883 1036 2000 1065 posse,

218 1085 329 1110 utrum
354 1079 508 1110 Sacadas
543 1079 575 1109 in
609 1079 742 1119 proelio
775 1079 879 1109 tibiae
907 1088 992 1109 voce
1026 1077 1264 1112 describendo,
1298 1088 1365 1107 uno
1398 1077 1614 1108 atrocissimo
1643 1078 1702 1109 teli
1724 1078 1792 1109 ictu
1815 1079 2002 1110 draconem

219 1133 417 1164 confossum
451 1133 597 1169 finxerit,
635 1144 678 1164 an
711 1138 846 1164 centum
880 1133 950 1164 tela
984 1132 1028 1162 ad
1058 1131 1216 1170 imaginis
1248 1131 1492 1162 sublimitatem
1524 1132 1637 1172 magis
1671 1138 1752 1172 apta
1785 1138 1818 1163 et
1848 1133 2002 1164 efficacia

218 1188 384 1218 iudicarit.
429 1187 629 1217 Eustathius
658 1188 755 1217 unius
779 1188 940 1227 sagittae,
964 1187 1103 1225 eiusque
1125 1185 1248 1220 letalis,
1271 1185 1445 1216 notionem
1469 1187 1581 1226 magis
1605 1187 1670 1217 deo
1695 1187 1834 1227 dignam
1858 1188 1999 1228 iudicat3

218 1241 314 1272 Eust.
337 1242 382 1271 ad
403 1241 498 1272 Iliad.
522 1252 550 1276 α,
576 1241 623 1276 75,
649 1251 680 1281 p.
696 1242 735 1272 52
757 1241 873 1272 Rom:
896 1241 1084 1279 μυθεύεσθαι
1102 1239 1288 1277 Σιμωνίδην,
1312 1239 1356 1277 ὡς
1380 1240 1494 1271 ἑκατὸν
1511 1240 1636 1279 βέλεσιν
1653 1240 1779 1272 ἀνεῖλεν
1798 1241 1815 1272 ὁ
1831 1236 2001 1274 Ἀπόλλων

218 1295 275 1326 τὸν
297 1296 331 1326 ἐν
353 1295 457 1326 Πυθοῖ
478 1295 647 1333 δράκοντα,
671 1296 747 1326 δέον
769 1296 807 1326 ὂν
830 1298 883 1335 μιᾷ
908 1296 985 1334 βολῇ
1009 1295 1165 1332 νεκρῶσοιι
1187 1294 1223 1323 τὸ
1247 1294 1373 1332 θηρίον·
1407 1294 1445 1324 οὐ
1473 1295 1533 1333 γὰρ
1558 1294 1654 1332 ἀρετὴ
1677 1295 1810 1327 τοξότου
1834 1297 1873 1327 τὰ
1896 1297 2002 1328 πολλὰ

219 1349 358 1387 βαλόντα
382 1349 508 1387 βλάψαι.
542 1348 630 1378 conf.
655 1348 820 1380 Simonid.
848 1349 985 1387 Fragm.
1015 1348 1066 1378 ed.
1090 1345 1304 1379 Schneidew.
1327 1358 1359 1387 p.
1386 1349 1439 1385 513
1463 1348 1592 1388 Bergk,
1617 1349 1713 1381 Poet.
1736 1350 1816 1389 Lyr.
1840 1349 1897 1382 Gr.
1920 1351 1998 1389 1114,

218 1413 250 1442 p.
275 1403 351 1439 3983
373 1408 527 1433 nostram
549 1403 871 1433 commentationem
888 1403 931 1433 de
946 1402 1095 1432 Pindaro
1117 1411 1296 1431 nomorum
1312 1402 1505 1441 'serpandri
1522 1403 1707 1439 imitatore,
1733 1404 1885 1439 Bonna-2,
1913 1405 2001 1443 1885,

219 1467 252 1497 p.
277 1458 323 1488 16.
368 1457 487 1496 Atque
519 1467 621 1487 unum
649 1458 885 1487 tantummodo
915 1455 1210 1497 vigorosissimum
1239 1456 1343 1486 ictum
1364 1461 1485 1487 auctor
1507 1457 1625 1497 hymni
1647 1458 1823 1489 Homerici
1847 1459 2002 1490 celebrat

218 1521 249 1541 v.
274 1511 347 1541 178:
385 1511 422 1549 ὃς
454 1512 522 1551 τῇγ’
552 1511 711 1542 ἀντιάσειε
741 1512 880 1550 φέρεσκέ
913 1522 962 1549 μιν
996 1510 1123 1549 αἴσιμον
1156 1509 1250 1548 ἦμαρ,
1280 1509 1291 1550 ΙΙ
1318 1510 1392 1549 πρίν
1420 1512 1456 1548 γε’
1480 1511 1509 1542 οἱ
1533 1511 1581 1543 ἰὸν
1603 1512 1723 1550 ἐφῆκεν
1747 1512 1825 1545 ἄναξ
1849 1513 2002 1552 ἑκάεργος

216 1564 381 1595 Ἀπόλλων
402 1564 414 1604 Η
439 1565 606 1603 καρτερὸν’
641 1565 659 1602 ἡ
695 1566 720 1596 δ’
757 1565 910 1606 ὀδύνῃσιν
944 1564 1133 1603 ἐρεχθομένη
1170 1566 1327 1605 χαλεπῇσι
1350 1564 1361 1605 ΙΙ
1382 1567 1467 1596 κεῖτο
1497 1565 1563 1604 μέγ’
1595 1566 1828 1605 ἀσθμαίνουσα.
1875 1566 2003 1598 Contra

221 1617 456 1655 Callimachus,
482 1619 538 1658 qui
561 1624 717 1649 veterum
740 1628 920 1649 nomorum
943 1618 1202 1648 curiosissumus
1226 1624 1396 1649 scrutator
1413 1618 1484 1655 fuit,
1507 1620 1714 1660 sagittarum
1729 1621 1873 1651 imbrem
1889 1622 2005 1658 novit;

220 1672 344 1711 Hymn.
369 1672 484 1711 Apoll.
508 1683 540 1704 v.
563 1674 637 1703 101:
661 1673 759 1704 ἄλλον
783 1673 830 1704 ἐπ’
855 1673 942 1713 ἄλλῳ
978 1672 989 1712 ΙΙ
1024 1672 1149 1711 βάλλων
1178 1670 1263 1702 ὠκὺν
1293 1671 1412 1702 ὀιστόν.
1451 1671 1511 1702 Ad
1540 1673 1746 1712 sagittarum
1777 1674 2003 1713 complurium

220 1725 368 1765 impetus
397 1727 538 1765 pulchre
563 1726 683 1756 referri
706 1732 850 1766 possunt
872 1728 1030 1756 tubarum
1054 1725 1221 1765 fragores,
1245 1726 1284 1755 τὰ
1308 1727 1501 1757 σαλπιστικὰ
1524 1727 1687 1765 κρούματα
1711 1729 1803 1767 apud
1824 1729 2001 1759 Pollucem

219 1779 279 1817 IV,
303 1781 355 1815 84;
380 1781 530 1820 sagittae
557 1790 601 1810 ex
617 1791 698 1810 arcu
721 1781 869 1810 volantis
894 1781 1020 1811 stridor
1043 1786 1077 1811 et
1098 1780 1131 1809 in
1156 1779 1261 1808 altum
1285 1780 1498 1818 penetrantis
1521 1781 1608 1811 ictus
1631 1782 1683 1812 his
1706 1783 1866 1813 tubarum
1889 1783 2005 1812 “lara-

219 1827 397 1867 lanfarz's”‚
421 1838 457 1862 ut
480 1833 527 1862 ait
549 1832 687 1868 Ennius,
723 1833 851 1872 optime
876 1834 1117 1868 illustrabatur,
1150 1832 1236 1864 conf.
1267 1833 1537 1875 Mommsenium,
1573 1836 1745 1876 Delphica
1773 1847 1803 1876 p.
1830 1838 1887 1868 194
1912 1838 2006 1868 med.

222 1891 255 1915 et
280 1886 533 1916 Volkmannum
558 1887 603 1916 ad
626 1887 713 1917 Plut.
738 1887 824 1918 Mus.
847 1897 879 1926 p.
904 1888 951 1921 73,
975 1888 1022 1918 45.

423 2056 468 2086 ll.
513 2055 568 2086 De
591 2066 633 2086 ea
655 2056 776 2095 proelii
800 2066 876 2086 cum
900 2057 1050 2088 dracone
1074 2063 1184 2097 parte,
1208 2068 1296 2097 quae
1319 2057 1446 2088 stridor
1468 2058 1620 2089 densium
1644 2066 1797 2091 vocatur.

370 2147 514 2177 Praeter
545 2149 645 2178 tubas
668 2158 749 2187 pars
770 2143 953 2178 “Iambici’'
983 2154 1033 2179 est
1056 2149 1073 2180 ὁ
1097 2149 1298 2188 ὀδοντισμός,
1333 2151 1376 2181 de
1400 2161 1466 2190 quo
1490 2151 1628 2182 Pollux:
1673 2152 1718 2190 ὡς
1741 2154 1798 2184 τοῦ
1822 2153 2000 2192 δράκοντος

221 2204 256 2234 ἐν
279 2206 323 2243 τῷ
348 2203 533 2234 τοξεύεσθοιι
556 2204 772 2242 συμπρίοντος
795 2204 870 2241 τοὺς
894 2203 1042 2242 ὀδόντας.
1085 2203 1169 2233 Erat
1202 2203 1306 2243 igitur
1333 2204 1420 2234 inter
1446 2205 1544 2235 huius
1567 2206 1727 2246 imaginis
1753 2206 1897 2237 artificia
1921 2207 2004 2237 illud

223 2266 369 2296 quoque,
392 2262 428 2286 ut
450 2257 552 2286 belua
574 2257 606 2286 in
629 2257 844 2296 praecordiis
868 2258 1045 2287 volnerata
1068 2257 1184 2288 sibilos
1208 2258 1336 2293 ederet,
1359 2259 1586 2298 potissumum
1610 2260 1643 2290 in
1664 2265 1842 2299 postremo
1859 2261 2003 2300 proelio,

223 2321 299 2341 curn
333 2310 481 2340 letaliter
514 2310 580 2340 icta
603 2311 740 2340 tandem
764 2311 954 2350 expiraret.
998 2311 1035 2341 In
1058 2312 1123 2341 hae
1150 2321 1187 2341 re
1211 2312 1429 2342 diiudicanda
1453 2312 1675 2343 Straboniani
1698 2314 1885 2344 testimonii
1905 2324 2007 2354 prae-

224 2364 349 2394 stantia
387 2369 420 2394 et
451 2364 579 2394 utilitas
608 2365 796 2395 luculenter
831 2371 994 2404 apparet:
1030 2365 1057 2395 is
1091 2365 1179 2396 enim
1213 2366 1326 2401 tradit,
1366 2367 1485 2397 sibilos
1518 2367 1595 2397 illos
1628 2367 1819 2398 fistularum
1849 2368 2006 2399 cantibus

225 2427 411 2457 expressos
434 2428 526 2451 esse:
555 2416 668 2449 Strab.
693 2419 756 2452 IX,
780 2419 841 2449 422
864 2419 950 2449 init:
985 2419 1138 2458 σύριγγας
1161 2421 1196 2451 δὲ
1221 2420 1381 2459 (βούλεται
1404 2422 1537 2460 δηλοῦν)
1559 2422 1617 2459 τὴν
1640 2422 1780 2461 ἔκλειψιν
1803 2425 1860 2454 τοῦ
1885 2423 2005 2462 θηρίου,

225 2473 423 2510 μιμουμένων
457 2473 501 2510 ὡς
534 2473 573 2504 ἂν
609 2474 893 2512 καταστρέφοντος
938 2473 981 2511 εἰς
1019 2474 1175 2512 ἐσχάτους
1214 2475 1302 2513 τινὰς
1340 2476 1522 2514 συριγμοὺς.
1578 2475 1730 2506 Verbum
1771 2477 2007 2515 καταστρέφειν

224 2522 444 2565 “expirandi”
468 2525 659 2565 significatu
683 2527 846 2558 dilectum
872 2532 924 2557 est
942 2527 1167 2559 Plutarcheae
1191 2529 1306 2563 aetati,
1329 2528 1369 2559 cf.
1392 2529 1480 2559 Plut.
1498 2529 1616 2560 Them.
1638 2531 1686 2561 31.
1720 2530 1779 2560 Ad
1800 2531 1888 2560 hanc
1915 2529 2007 2559 nomi
