2357 3220
1131 253 1166 282 15

241 351 441 383 auctoribus
475 357 721 390 memorantur,
753 351 879 391 quibus
914 348 1093 388 Apollinis
1124 348 1315 389 triumphus
1349 355 1383 378 et
1413 354 1515 388 grata
1543 349 1588 379 ob
1616 354 1830 388 reportatam
1861 348 2044 379 victoriam

243 405 378 436 laetitia
413 406 651 436 adumbratur.
696 404 847 435 Nomina
882 413 1012 439 eorum,
1040 407 1077 432 ut
1100 401 1147 432 ita
1171 403 1332 437 dicamus,
1357 403 1524 432 dramatis
1547 403 1666 433 musici
1690 408 1827 433 actuum
1849 403 1943 443 apud
1966 402 2045 433 Pol—

242 461 355 491 lucem
387 465 479 491 sunt:
513 461 688 491 σπονδεῖον
723 464 758 489 et
781 458 1026 496 καταχόρευσις,
1048 458 1112 487 hac
1136 456 1333 487 definitione
1356 456 1505 487 adiecta:
1550 458 1587 488 τὸ
1614 458 1649 488 δὲ
1672 459 1846 488 σπονδεῖον
1868 459 1961 495 δηλοῖ
1988 458 2046 495 τήν

242 515 333 552 νίκην
366 516 424 546 τοῦ
452 515 538 545 θεοῦ.
583 513 618 545 ἑν
648 514 683 544 δὲ
711 515 748 552 τῇ
783 511 1019 550 καταχορεύσει
1043 510 1060 542 ὁ
1084 511 1158 548 Θεὸς
1182 511 1220 541 τὰ
1243 510 1378 542 ἐπινίκια
1401 511 1535 549 χορεύει.
1579 510 1708 541 Strabo
1731 521 1799 541 non
1825 517 1920 542 recte
1944 511 2048 542 inter-

243 568 352 608 pretis
375 566 490 598 officio
515 567 678 607 fungitur,
702 576 778 596 cum
802 571 887 606 post
909 565 1060 596 mediam
1084 571 1218 604 partem
1241 564 1374 604 ἰάμβους
1398 566 1448 596 καὶ
1472 566 1650 604 δακτύλους
1677 571 1816 596 secutos
1833 575 1911 596 esse
1928 566 2045 602 tradit,

247 622 296 652 eis
321 622 410 652 enim
431 622 520 652 hanc
542 622 610 651 vim
634 621 749 660 fuisse,
775 626 811 651 ut
834 619 1007 660 Apollinis
1029 619 1237 658 triumphum
1260 619 1486 649 illustrarent:
1520 619 1634 658 ἴαμβον
1662 621 1697 651 δὲ
1729 621 1779 650 καὶ
1807 620 1965 652 δάκτυλον
1992 620 2050 651 τὸν

245 676 495 714 ἑπιπαιανισμὸν
528 676 585 706 τὸν
608 675 780 713 γινόμενον
803 675 855 706 ἐπὶ
878 677 914 715 τῇ
937 675 1006 714 νίκῃ
1029 674 1107 712 μετὰ
1136 673 1290 705 τοιούτων
1313 674 1451 712 ῥυθμῶν,
1473 674 1519 705 ὧν
1542 674 1560 705 ὁ
1584 675 1641 712 μὲν
1664 674 1776 713 ὕμνοις
1800 675 1888 706 ἐστὶν
1917 675 2045 713 οἰκεῖος,

243 730 263 761 ὁ
287 729 314 761 δ’
337 730 452 768 ἴαμβος
473 730 649 767 κακισμοῑς.
688 728 726 758 In
750 729 803 759 his
827 738 916 768 quae
941 729 984 758 de
1007 728 1162 758 iambicis
1179 728 1346 769 rhythmis
1362 728 1395 758 in
1412 729 1648 770 ε’πιπαιανισμῷ
1666 729 1845 759 collocatis
1869 730 2048 764 docentur,

243 783 444 815 confusione
471 789 505 813 et
538 792 657 813 errore
682 782 851 813 laborant.
897 782 952 812 De
976 782 1125 821 dactylis
1155 792 1236 812 sane
1265 782 1405 823 gratiae
1431 784 1613 813 habendae
1641 782 1806 814 Straboni
1837 789 1928 817 sunt:
1966 793 2046 814 nam

244 837 415 869 cantilena
440 837 506 873 illa,
531 847 621 877 quae
644 837 777 867 Polluci
800 839 976 869 σπονδεῖον
999 837 1103 876 audit,
1127 838 1191 868 hoc
1215 837 1394 869 Strabonis
1419 837 1617 868 testimonio
1638 837 1717 867 talis
1740 837 1805 867 iam
1844 837 2048 877 ostenditur,

242 902 333 932 quae
364 901 432 922 non
466 892 569 922 meris
606 892 771 931 spondeis
806 892 1010 927 constiterit,
1048 892 1110 922 sed
1150 892 1307 932 dactylos
1347 892 1492 931 largiter
1529 892 1705 922 admixtos
1740 892 1913 923 habuerit.
1963 892 2054 922 Pars

243 946 393 986 denique
417 956 467 981 ea,
491 956 580 986 quae
596 947 689 986 apud
705 946 883 977 Pollucem
903 952 955 976 est
972 946 1214 985 καταχόρευσις,
1238 947 1321 986 quib
1330 957 1368 976 us
1385 947 1535 977 numeris
1552 946 1746 986 composita
1763 945 1876 981 fuerit,
1902 947 2047 987 egregia

243 1000 450 1031 scholiorum
485 1001 530 1030 ad
561 1000 749 1030 Pindarum
784 999 983 1031 definitione
1018 1000 1235 1039 intellegitur.
1290 1000 1350 1030 Ad
1392 1001 1586 1031 saltandum
1617 1001 1788 1040 aptissimi
1826 1007 1904 1031 sunt
1939 1002 2048 1041 pedes

240 1054 374 1092 cretici,
397 1065 458 1085 eos
480 1055 572 1085 nomi
596 1054 731 1094 Pythici
754 1061 891 1094 partem
916 1054 1085 1092 effecisse,
1111 1055 1212 1085 docet
1236 1055 1353 1086 Schol.
1378 1055 1475 1085 Pind.
1499 1065 1572 1094 arg.
1599 1055 1702 1095 Pyth.
1735 1065 1765 1094 p.
1783 1055 1853 1090 297,
1879 1056 1935 1085 ubi
1953 1056 2049 1086 varia

243 1109 276 1140 in
313 1120 355 1140 eo
390 1119 492 1139 nomo
516 1119 734 1140 numerorum
753 1119 885 1149 genera
908 1115 1151 1140 enumerantur
1181 1119 1257 1139 cum
1281 1110 1422 1140 deorum
1446 1109 1642 1140 nominibus
1666 1109 1870 1140 coniuncta:
1895 1111 2048 1148 Κρητικὸν

243 1165 280 1196 δὲ
303 1163 370 1195 ἀπὸ
394 1163 486 1201 Διός.
531 1162 622 1194 conf.
647 1162 830 1194 Guhrauer
851 1173 884 1203 p.
911 1164 972 1194 347
997 1169 1084 1194 extr.

395 1217 466 1248 Sed
487 1217 532 1247 ad
555 1218 620 1247 hos
641 1223 895 1257 postremarum
912 1217 1061 1256 partium
1087 1227 1256 1253 numeros,
1281 1218 1496 1257 spondiacos
1515 1223 1549 1248 et
1566 1218 1724 1252 creticos,
1755 1218 1847 1248 aliud
1863 1224 2048 1257 praeterea

244 1273 484 1313 rhythmorum
506 1281 618 1311 genus
647 1272 803 1306 accessit,
834 1272 1014 1302 inventum
1043 1272 1126 1302 illud
1149 1273 1221 1302 sive
1245 1272 1312 1302 iam
1346 1282 1366 1302 a
1389 1272 1540 1307 Sacada,
1574 1272 1656 1307 sive,
1687 1273 1781 1312 quod
1806 1273 1932 1307 malim,
1969 1278 2050 1312 post

243 1327 318 1358 eius
348 1327 486 1356 demum
515 1331 675 1361 aetatem,
708 1336 784 1356 cum
812 1326 977 1357 credibile
998 1326 1049 1365 sit,
1081 1336 1216 1357 nomum
1245 1327 1431 1367 Pythicum
1463 1337 1657 1367 progressu
1674 1332 1869 1366 temporum
1886 1328 2051 1367 paulatim

251 1382 295 1411 ab
319 1380 508 1411 artificibus
537 1381 583 1410 ad
606 1381 738 1411 maiora
760 1386 794 1411 et
819 1381 985 1411 ulteriora
1009 1391 1146 1421 semper
1169 1382 1428 1422 adspirantibus
1452 1382 1702 1421 locupletatum
1721 1392 1808 1413 esse.
1854 1381 2052 1413 Scholiasta

249 1435 295 1466 ad
322 1435 509 1466 Pindarum
541 1445 574 1475 p.
599 1436 658 1466 297
678 1441 795 1466 certae
826 1435 1004 1467 cuiusdam
1028 1436 1235 1467 musicorum
1262 1437 1404 1468 scholae
1436 1437 1618 1476 disciplina
1646 1437 1798 1468 imbutus
1829 1438 1933 1468 talem
1957 1438 2051 1468 nomi

250 1489 388 1530 Pythici
418 1490 555 1521 auletici
582 1489 903 1530 interpretationem
937 1491 1037 1521 nobis
1065 1492 1237 1531 propinat,
1265 1491 1298 1522 in
1326 1502 1395 1532 qua
1426 1492 1585 1522 diversae
1621 1492 1694 1523 eius
1736 1492 1829 1522 nomi
1852 1499 1980 1532 partes,
2015 1491 2051 1522 id

249 1545 346 1584 quod
368 1555 413 1575 ex
429 1549 617 1575 metrorum
634 1544 768 1575 ratione
785 1545 1016 1584 potissumum
1031 1545 1147 1585 colligi
1163 1545 1280 1586 possit,
1306 1547 1452 1577 diversis
1467 1546 1672 1582 numinibus,
1698 1556 1739 1578 ac
1763 1547 1813 1578 eis
1836 1546 2049 1582 nominatim,

250 1599 376 1638 quibus
390 1599 506 1638 aliqua
519 1609 596 1629 cum
611 1599 784 1639 Apollinis
799 1599 962 1639 Delphici
980 1599 1148 1640 religione
1172 1601 1387 1632 necessitudo
1404 1601 1649 1641 intercesserit,
1674 1607 1898 1632 consecratae
1915 1600 2050 1633 fuerint.

250 1653 330 1684 Hoc
363 1653 444 1684 licet
477 1654 619 1684 nimium
653 1659 818 1694 quantum
853 1664 1058 1693 perversum
1096 1655 1196 1685 nobis
1223 1655 1391 1691 videatur,
1416 1656 1600 1696 aliquando
1624 1662 1741 1687 tamen
1765 1656 1856 1687 serio
1881 1655 2049 1686 creditum

250 1713 317 1746 est;
340 1706 456 1739 Schol.
479 1707 577 1739 Pind.
600 1718 631 1748 p.
653 1708 713 1739 297
737 1714 818 1748 post
842 1709 951 1740 med:
1002 1709 1159 1741 δάκτυλον
1184 1735 1208 1741 ..
1237 1709 1301 1741 ἀπὸ
1325 1710 1502 1746 Διονύσου,
1530 1709 1578 1740 ὅτι
1602 1712 1731 1748 πρῶτος
1755 1709 1852 1747 οὗτος
1876 1711 1961 1741 δοκεῖ
1985 1708 2048 1740 ἀπὸ

249 1764 309 1794 τοῦ
331 1763 482 1801 τρίποδος
506 1765 724 1801 θεμιστεῦσαι·
750 1764 903 1802 Κρητικὸν
928 1765 963 1795 δὲ
986 1763 1050 1795 ἀπὸ
1074 1766 1131 1795 τοῦ
1154 1764 1249 1802 Διός;
1279 1764 1346 1794 iam
1368 1764 1471 1794 tertio
1494 1764 1572 1794 loco
1596 1763 1752 1803 sequitur
1778 1763 1822 1799 id,
1847 1763 1940 1803 quod
1963 1773 2052 1794 nunc

251 1827 415 1848 maxume
438 1817 538 1848 nobis
563 1818 706 1857 cognitu
723 1818 869 1858 dignum
893 1819 1042 1850 videtur:
1067 1822 1213 1859 μητρῷον
1229 1819 1273 1855 δὲ,
1298 1819 1347 1850 ὅτι
1365 1820 1424 1858 Γῆς
1442 1819 1511 1849 ἐστι
1526 1819 1563 1850 τὸ
1587 1820 1750 1857 μαντεῖον,
1788 1818 1927 1848 Numeri
1944 1817 2051 1848 Ionici

249 1872 344 1902 haud
379 1872 481 1902 dubie
515 1873 771 1913 intelleguntur,
809 1873 877 1903 hoc
914 1878 1061 1903 metrum
1096 1873 1284 1914 μητρῳακὸν
1317 1878 1535 1912 nuncupatur
1566 1873 1659 1912 apud
1688 1872 1987 1912 Hephaestionem
2016 1871 2050 1902 in

250 1925 464 1966 VVestphali:
489 1925 612 1966 Script.
637 1932 734 1957 metr.
759 1926 818 1958 Gr.
842 1927 857 1957 Ι
880 1927 988 1967 (Lips.
1015 1928 1116 1966 1866),
1140 1937 1172 1967 p.
1196 1927 1243 1959 239.
1268 1927 1356 1958 conf.
1380 1927 1564 1958 Guhrauer
1586 1937 1619 1966 p.
1645 1928 1716 1958 349.

352 2100 400 2131 14.
444 2100 600 2139 Apollini
623 2106 703 2140 post
727 2101 912 2132 draconem
935 2107 1094 2132 necatum
1118 2101 1291 2131 Tellurem
1313 2100 1519 2139 placandam
1542 2098 1656 2130 fuisse.
1702 2097 1788 2128 Eam
1811 2097 1959 2128 Telluris

438 2155 729 2194 comprecationis
751 2155 937 2196 imaginem
960 2156 1111 2186 numeris
1134 2155 1252 2186 ionicis
1276 2156 1392 2195 (μέτρῳ
1416 2156 1608 2195 μητρῳακῷ)
1634 2152 1740 2184 tibiae
1768 2158 1870 2183 cantu

829 2220 1033 2250 expressam
1056 2217 1090 2241 et
1114 2209 1354 2241 adsimulatam
1380 2220 1466 2241 esse.

403 2313 501 2344 Haec
516 2323 735 2343 numerorum
758 2319 972 2344 metroorum
995 2314 1167 2344 cantilena
1191 2311 1317 2342 tibialis
1340 2312 1480 2342 ubinam
1504 2311 1537 2340 in
1560 2320 1662 2340 nomo
1679 2309 1829 2350 Pythico
1852 2310 1965 2339 locum
1989 2310 2050 2339 ob-

250 2368 374 2398 tinuit?
418 2367 459 2397 Id
481 2377 564 2398 sane
587 2367 788 2404 certissime,
813 2368 947 2408 opinor,
983 2367 1114 2398 definiri
1137 2371 1262 2407 potest.
1315 2365 1468 2406 Apollini
1491 2369 1571 2404 post
1593 2364 1739 2394 monstri
1763 2364 1906 2394 caedem
1929 2363 2048 2394 Tellus

251 2423 320 2452 dea
334 2422 505 2462 placanda
522 2427 606 2452 erat.
651 2422 702 2452 Ea
729 2423 890 2457 dracone,
914 2422 1036 2452 subole
1053 2432 1123 2462 sua,
1148 2421 1352 2461 interempto
1369 2430 1501 2451 summo
1519 2419 1639 2449 dolore
1657 2423 1846 2449 exarserat.
1880 2417 2052 2448 Pindarus

255 2476 289 2506 in
312 2476 452 2507 Paeane
476 2476 534 2507 illo
565 2476 754 2507 clarissimo
784 2476 818 2506 in
849 2477 1015 2507 honorem
1039 2475 1212 2516 Apollinis
1234 2475 1360 2515 Pythii,
1383 2473 1582 2505 memoriam
1607 2473 1814 2512 Delphicam
1845 2472 1875 2502 in
1899 2472 1952 2502 his
1975 2472 2052 2503 reli-

258 2530 423 2570 gionibus
439 2536 586 2566 secutus,
604 2530 652 2560 ita
666 2535 870 2560 narraverat
884 2541 890 2560 :
908 2530 1081 2560 Tellurem
1098 2540 1174 2560 cum
1190 2529 1462 2570 antiquissimam
1480 2537 1576 2557 suam
1590 2526 1858 2567 possessionem,
1876 2527 2053 2557 oraculum

255 2584 475 2625 Delphicum,
500 2595 521 2615 a
542 2585 679 2616 novicio
704 2586 770 2615 deo
794 2584 858 2615 sibi
882 2590 1039 2624 ereptam
1064 2585 1208 2624 videret,
1230 2585 1297 2615 hoc
1320 2583 1477 2614 molitam
1502 2592 1588 2617 esse,
1617 2587 1654 2611 ut
1676 2581 1710 2611 in
1733 2580 1917 2611 Tartarum
1943 2579 2054 2620 Apol-
