2298 3147
333 424 360 453 4.
394 423 448 452 De
471 422 605 451 duobus
628 417 826 456 Timotheis,
850 415 986 446 Milesio
1015 419 1047 443 et
1069 413 1246 449 Thebano,
1270 412 1409 443 summis
1433 412 1466 442 in
1491 416 1564 441 arte
1587 410 1697 441 tibiali
1721 409 1915 441 artificibus.

383 512 557 544 Summum
592 511 715 541 deinde
747 510 780 539 in
815 509 879 538 hac
913 504 1084 536 mimetica
1118 503 1278 534 tibiarum
1311 509 1384 534 arte
1417 503 1595 542 fastigium
1628 502 1781 533 escendit
1814 501 2019 532 Timotheus

233 567 397 606 Milesius,
431 575 610 596 nomorum
645 570 679 595 et
707 562 1004 602 dithyramborum
1029 562 1134 597 poeta
1156 558 1373 597 clarissimus,
1407 558 1465 597 qui
1489 567 1595 597 saepe
1618 562 1652 587 et
1677 557 1822 586 libenter
1846 554 2017 585 Timothei

233 620 397 655 Thebani,
423 619 537 650 eximii
557 618 712 653 tibicinis,
747 627 814 656 ope
839 616 883 646 ad
906 614 1029 644 modos
1052 611 1199 642 musicos
1222 612 1286 642 rite
1310 612 1556 651 exprimendos
1578 621 1659 641 usus
1682 616 1743 642 est.
1790 610 1874 639 Cum
1899 609 2014 639 Timo-

233 676 350 705 theum
373 673 543 704 Milesium
579 678 612 703 et
645 682 766 702 nomos
795 676 828 701 et
852 668 1092 708 dithyrambos
1114 666 1293 705 scripsisse
1316 670 1451 696 constet
1475 664 1571 703 (conf.
1597 663 1739 694 Suidam
1763 674 1788 695 s.
1811 674 1859 698 v.;
1896 662 2016 702 Steph.

232 729 315 768 Byz.
339 739 371 768 p.
393 729 464 767 452,
500 728 551 765 163
589 732 622 757 et
653 726 815 756 Ervinum
840 723 981 759 Rohde‚
1014 720 1100 750 Mus.
1123 718 1234 750 Rhen.
1258 719 1306 756 34,
1340 719 1413 754 5733
1447 717 1620 758 Gomperz
1658 718 1690 747 in
1714 717 1882 748 Fleckeis.
1927 716 2018 746 Ann.

232 784 300 814 vol.
326 783 393 817 133,
417 793 448 821 p.
473 782 532 812 772
556 780 656 820 sqq),
697 789 803 818 saepe
829 777 921 808 haud
944 776 1043 806 facile
1067 774 1158 804 dictu
1183 779 1245 808 est,
1284 773 1352 802 utri
1375 772 1496 812 generi
1519 773 1616 812 tituli,
1651 782 1796 812 quorum
1821 772 1947 802 mentio
1969 770 2018 808 fit,

233 834 437 874 adsignandi
460 834 539 869 sint;
573 843 651 863 nam
676 832 853 862 amborum
876 838 1041 869 generum
1061 837 1191 857 summa
1214 827 1278 856 illis
1302 826 1475 856 Timothei
1499 827 1713 866 temporibus
1736 826 1920 856 similitudo
1944 825 2017 856 fuit.

233 889 433 919 Timotheus
448 887 551 928 igitur
567 887 721 917 Milesius
737 884 877 915 Aiacem.
890 883 1071 924 farensem
1087 886 1337 921 composuerat,
1361 881 1394 910 in
1409 890 1477 919 quo
1494 880 1643 910 carmine
1661 880 1776 920 tibiae,
1800 890 1888 919 quae
1901 879 2018 909 verbis

234 943 413 980 accineret‚
447 941 591 972 eximias
624 945 742 980 partes
775 939 954 969 tribuerat.
998 936 1056 966 Ad
1088 945 1146 966 eas
1182 936 1286 975 igitur
1320 934 1444 964 furoris
1480 939 1513 964 et
1538 934 1667 964 doloris
1692 944 1836 964 scaenas
1860 933 2019 964 accinens

233 997 402 1036 insignem
435 997 591 1036 plausum
628 995 831 1024 Timotheus
871 992 997 1022 tibicen
1039 989 1102 1020 sibi
1139 995 1331 1029 pepererat.
1377 988 1513 1027 Quanta
1554 988 1625 1018 eius
1660 988 1871 1027 praestantia
1904 987 2017 1024 fuerit,

232 1049 422 1090 magnificis
453 1050 567 1080 verbis
600 1053 737 1079 enarrat
761 1046 993 1077 Harmonides
1021 1044 1112 1083 apud
1134 1043 1271 1074 Lucian.
1297 1042 1415 1073 Harm.
1442 1043 1472 1073 l:
1510 1042 1564 1073 ὅτε
1589 1042 1640 1072 καὶ
1664 1041 1714 1079 σύ,
1750 1041 1775 1072 ὧ
1801 1041 1942 1081 Τιμόθεε,
1979 1043 2018 1073 τὸ

233 1106 362 1142 πρῶτον
395 1105 497 1135 ἐλθὼν
528 1103 654 1134 οἴκοθεν
687 1103 721 1133 ἑκ
755 1101 909 1139 Βοιωτίας
943 1099 1129 1137 ὑπηύλησας
1159 1100 1196 1137 τῇ
1227 1097 1413 1127 Πανδιονίδι
1444 1097 1495 1126 καὶ
1534 1097 1685 1134 ἐνίκησας
1717 1096 1752 1126 ἐν
1776 1098 1820 1136 τῷ
1843 1095 1950 1127 Αἴαντι
1973 1098 2017 1134 τῷ

233 1159 369 1197 ἐμμανεῖ,
407 1160 463 1189 τοῦ
492 1157 662 1196 ὁμωνύμου
691 1164 743 1187 σοι
772 1155 970 1193 ποιήσαντος
1000 1153 1035 1183 τὸ
1064 1152 1169 1190 μέλος,
1205 1151 1310 1188 οὐδεὶς
1341 1150 1390 1188 ἦν,
1419 1151 1456 1188 ὃς
1486 1150 1595 1188 ἠγνόει
1619 1150 1771 1188 τοῦνομα,
1806 1149 1961 1187 Τιμόθεον
1985 1150 2020 1180 ἐκ

234 1213 357 1251 Θηβῶν.
399 1212 437 1241 Ιιι
453 1210 560 1251 Scylla
586 1220 723 1249 quoque
740 1208 911 1239 Timothei
923 1206 1045 1237 Milesii
1059 1205 1290 1245 dithyrmnbo,
1315 1214 1417 1243 quem
1434 1209 1570 1243 partem
1587 1203 1692 1234 fuisse
1708 1203 1846 1233 maioris
1863 1203 2020 1242 corporis

237 1264 396 1306 Odissia(
430 1265 501 1295 eius
525 1269 650 1304 poetae
686 1268 778 1293 recte
809 1272 852 1292 ex
889 1260 1083 1291 testimonio
1106 1258 1339 1298 Etymologici
1364 1258 1482 1297 Magni
1507 1268 1538 1297 p.
1563 1258 1634 1293 630,
1657 1259 1696 1288 42
1729 1257 1912 1297 collegisse
1938 1257 2019 1286 mihi

234 1320 369 1349 videtur
392 1318 576 1358 Gomperz,
599 1317 768 1347 Fleckeis.
793 1316 882 1346 Ann.
910 1316 975 1352 133,
1004 1325 1033 1353 p.
1051 1314 1108 1344 775
1129 1314 1226 1348 med,
1251 1313 1282 1342 in
1300 1312 1417 1352 Scylla
1441 1312 1546 1351 igitur
1570 1312 1714 1342 monstri
1739 1312 1811 1341 eius
1834 1311 1865 1340 in
1879 1311 2018 1341 Ulixem

235 1380 269 1405 et
292 1374 405 1404 socios
428 1373 591 1412 impetum
615 1372 719 1402 tibiae
744 1370 920 1401 cantilenis
943 1379 1015 1399 rem
1041 1369 1084 1398 ad
1106 1367 1199 1397 vitae
1213 1367 1395 1396 veritatem
1414 1366 1651 1396 colorantibus
1668 1365 1794 1396 artifex
1811 1366 2018 1395 reddiderat.

234 1429 362 1459 Eorum
401 1429 578 1457 modorum
617 1426 733 1465 rapaci
768 1426 801 1455 vi
832 1424 987 1455 tibicines
1022 1422 1189 1452 interdum
1222 1421 1269 1451 ita
1293 1422 1580 1457 accendebantur,
1620 1427 1656 1450 ut
1680 1421 1759 1450 dum
1783 1421 1893 1450 altera
1915 1428 2017 1449 manu

235 1482 354 1511 tibiam
378 1486 503 1515 tenent,
528 1490 629 1509 manu
652 1480 770 1513 altera,
794 1477 902 1507 hilare
926 1477 1025 1511 dictu,
1048 1476 1290 1515 coryphaeum,
1315 1475 1427 1506 Ulixis
1450 1481 1568 1514 partes
1586 1480 1774 1509 canentem,
1799 1479 1896 1504 veste
1913 1473 2016 1504 corri-

236 1541 368 1575 perent,
394 1544 537 1574 quorum
559 1532 725 1563 artificum
749 1532 878 1572 pingue
894 1531 1067 1570 ingenium
1080 1529 1289 1559 Aristoteles
1312 1530 1383 1559 iure
1407 1540 1470 1559 suo
1495 1530 1614 1568 carpit,
1638 1530 1759 1559 eadem
1785 1538 1893 1568 opera
1916 1528 2018 1558 aliam

235 1590 378 1621 similem
413 1598 531 1619 eorum
563 1586 846 1618 consuetudinem
881 1585 1127 1625 perstringens3
1164 1584 1271 1614 Arist.
1308 1583 1405 1614 Poet.
1435 1585 1474 1614 26
1508 1594 1539 1623 p.
1566 1583 1672 1619 1461&
1705 1584 1758 1614 28:
1796 1585 1895 1620 δῆλον
1927 1582 1975 1613 ὅτι
1999 1582 2018 1620 ἡ

233 1644 359 1675 ἅπαντα
392 1643 564 1681 μιμουμένη
594 1642 750 1680 (μίμησις)
780 1640 924 1678 φορτική.
969 1639 1013 1676 ὡς
1042 1640 1100 1678 γὰρ
1124 1639 1181 1670 οὐκ
1205 1639 1456 1677 αἰσθανομένων,
1487 1639 1531 1675 >ἂν
1556 1640 1595 1677 μὴ
1620 1639 1719 1677 αὐτὸς
1742 1641 1868 1679 προσθῇ
1892 1638 2015 1675 πολλὴν

234 1699 356 1736 κίνησιν
391 1699 558 1731 κινοῦνται,
592 1695 662 1727 οἷον
704 1695 733 1726 oi
767 1696 884 1733 φαῦλοι
918 1694 1049 1731 αὐληταὶ
1081 1694 1266 1732 κυλιόμενοι,
1305 1694 1343 1724 ἂν
1367 1694 1478 1724 δίσκον
1509 1694 1563 1735 δέῃ
1589 1696 1761 1732 μιμεῖσθαι,
1797 1694 1846 1724 καὶ
1868 1693 2019 1730 ἕλκοντες

233 1753 290 1783 τὸν
327 1753 512 1790 κορυφαῖον,
555 1751 592 1781 ἂν
626 1750 769 1780 Σκύλλαν
808 1748 958 1779 αὐλῶσιν.
1011 1748 1087 1777 Ηοο
1119 1747 1236 1777 vitium
1272 1748 1396 1778 nimiae
1431 1748 1463 1777 in
1502 1750 1605 1778 rebus
1638 1748 1748 1788 gestis
1786 1746 2020 1786 exprimendis

234 1805 441 1840 imitationis,
466 1804 559 1843 quod
579 1803 732 1842 φορτικὸν
756 1807 857 1832 vocat
874 1801 1090 1839 Aristoteles,
1115 1800 1237 1830 Andro
1263 1802 1401 1841 quidam
1426 1802 1619 1832 Catanaeus
1643 1802 1675 1832 in
1704 1807 1812 1832 artem
1835 1802 2015 1832 auleticam

235 1860 486 1897 introduxerat3
523 1858 784 1896 Theophrastus
820 1866 871 1895 ap.
897 1855 1022 1886 Athen.
1047 1856 1070 1891 Ι,
1107 1857 1175 1886 220:
1211 1857 1425 1895 Θεόφραστος
1459 1857 1588 1895 πρῶτόν
1622 1864 1721 1895 φησιν
1759 1856 1928 1894 Ἄνδρωνα
1963 1856 2020 1887 τὸν

236 1915 415 1945 Καταναῖον
446 1913 585 1950 αὐλητὴν
622 1912 761 1949 κινήσεις
796 1911 845 1941 καὶ
879 1910 1016 1948 ῥυθμοὺς
1051 1912 1179 1948 ποιῆσαι
1210 1914 1254 1951 τῷ
1289 1911 1412 1948 σώματι
1437 1911 1606 1942 αὐλοῦντα.
1643 1910 1729 1941 conf.
1754 1910 1924 1949 Gomperz
1948 1911 1967 1941 l.
1991 1921 2016 1941 S.

234 1978 266 2007 p.
289 1968 347 1998 772
372 1973 457 1997 extr.

384 2021 586 2050 Timotheus
618 2029 700 2049 vero
735 2025 771 2049 ut
804 2024 925 2052 artem,
958 2018 1009 2048 cui
1032 2019 1112 2048 nihil
1134 2019 1367 2058 insuperabile
1391 2025 1493 2054 esset,
1517 2024 1718 2054 ostentaret,
1751 2029 1792 2049 ne
1817 2029 1836 2048 a
1860 2018 2019 2058 turpibus

235 2076 374 2115 quidem
397 2075 607 2114 argumentis
631 2073 808 2111 abstinuit3
834 2082 901 2111 quo
927 2072 959 2102 in
982 2082 1109 2111 genere
1133 2078 1185 2103 est
1207 2071 1356 2102 Scmelaae
1372 2071 1605 2112 parlurz'enlz's
1629 2073 1754 2112 imago,
1787 2082 1890 2112 quam
1916 2082 2019 2111 pecu-

235 2130 311 2159 liari
346 2129 401 2159 ille
434 2128 505 2158 sive
537 2138 648 2163 nomo,
688 2127 760 2157 sive
792 2127 1012 2165 dithyrambo
1038 2132 1238 2165 persecutus
1262 2133 1344 2157 erat.
1390 2127 1542 2157 Dolores
1566 2126 1820 2156 infelicissimae
1842 2125 2017 2162 heroinae,

237 2194 325 2223 quae
348 2183 380 2212 in
403 2183 522 2212 mortis
545 2182 709 2211 extremis
733 2180 1012 2211 convulsionibus
1035 2180 1207 2210 Bacchum
1231 2181 1264 2210 in
1288 2182 1397 2211 lucem
1422 2180 1517 2219 fudit,
1541 2180 1646 2210 tibiae
1670 2190 1787 2210 rursus
1809 2179 2017 2210 flexionibus

237 2237 396 2267 illustrati
429 2236 572 2266 fuerant.
618 2235 718 2274 Quod
753 2245 836 2264 sane
871 2234 983 2263 multis
1022 2241 1162 2274 propter
1197 2235 1333 2265 nimiam
1368 2236 1460 2265 illam
1496 2235 1528 2264 in
1561 2240 1683 2265 natura
1716 2235 1892 2274 pingenda
1914 2233 2018 2265 fidem

237 2290 415 2330 displicuit.
461 2290 604 2320 Tibicini
638 2290 819 2319 immanem
844 2289 876 2318 in
900 2289 1037 2318 modum
1061 2292 1190 2320 buccae
1214 2289 1384 2319 inflandae
1408 2297 1518 2324 erant;
1542 2288 1609 2318 Dio
1629 2288 1748 2328 Chrys.
1767 2298 1814 2319 or.
1840 2288 1887 2326 77,
1911 2298 1942 2327 p.
1957 2289 2016 2319 768

237 2345 340 2375 med:
377 2344 587 2382 (Ἀλκμέωνα)
621 2345 657 2374 τὸ
691 2344 794 2381 στόμα
823 2343 1029 2381 ἐμπλήσαντα
1053 2343 1102 2373 καὶ
1124 2342 1181 2379 τὰς
1204 2341 1343 2379 γνάθους
1368 2341 1521 2379 ἑκατέρας
1541 2341 1630 2379 μόλις
1654 2341 1714 2373 ἔξω
1739 2341 1884 2379 βαδίζειν,
1908 2341 2018 2379 ὥσπερ

237 2397 396 2428 αὐλοῦντα
420 2398 476 2434 τὴν
499 2400 555 2434 τῆς
579 2397 719 2435 Σεμέλης
743 2397 850 2431 ὠδῖνα,
873 2397 996 2431 γέλωτα
1019 2397 1067 2426 καὶ
1089 2396 1165 2426 θέαν
1189 2421 1194 2426 .
1214 2420 1218 2426 .
1237 2421 1242 2426 .
1267 2396 1460 2433 παρέχοντα.
1499 2394 1685 2426 Stratonici
1709 2405 1847 2434 quoque
1870 2394 2018 2425 facetum

238 2452 364 2481 dictum
382 2457 442 2486 est,
465 2461 532 2490 quo
550 2452 615 2481 hoc
627 2461 737 2490 genus
754 2451 900 2480 musices
916 2456 1069 2480 naturam
1093 2449 1221 2480 scilicet
1244 2449 1405 2489 spirantis
1418 2449 1543 2479 eximie
1557 2449 1755 2488 castigavit;
1781 2449 1907 2483 Athen,
1922 2448 2015 2488 VIII,

238 2516 270 2544 p,
295 2505 386 2535 352³:
411 2505 595 2542 ἐπακούσας
619 2506 653 2536 δὲ
676 2507 732 2543 τῆς
758 2501 881 2542 Ὠδῖνος
904 2506 960 2541 τῆς
982 2504 1144 2541 Τιμοθέου,
1170 2504 1203 2534 Εἰ
1227 2502 1253 2534 δ’
1276 2504 1461 2542 ἐργολάβον,
1482 2503 1555 2541 ἔφη,
1575 2503 1674 2534 ἔτικτε
1692 2503 1743 2533 καὶ
1760 2504 1799 2541 μὴ
1817 2503 1900 2542 θεόν,
1924 2502 2023 2539 ποίας

237 2559 276 2589 ἀν
299 2559 383 2597 ἠφίει
409 2559 530 2597 φωνάς.
