2298 3147
1081 222 1120 252 14

207 319 412 362 Ἰσοκράτους
442 320 574 360 Ἑλένης
609 321 788 359 προοίμιον·
822 320 917 351 οὐθὲν
949 320 1010 356 γὰρ
1043 316 1158 348 οἰκεῖον
1196 318 1331 357 ὑπάρχει
1364 320 1431 356 τοῖς
1468 318 1637 356 ἐριστικοῖς
1667 319 1718 349 καὶ
1736 315 1860 360 Ἑλένῃ.
1907 318 1996 349 conf.

211 378 256 409 R,
281 377 488 415 Volkmann,
511 375 685 405 Rhetorik
709 375 770 404 der
793 374 851 404 Gr.
875 374 943 403 und
960 372 1112 407 Roem.2‚
1137 372 1228 412 Lips
1248 374 1337 408 1885,
1361 382 1392 412 p.
1417 373 1477 403 319
1500 372 1588 403 med.
1623 372 1679 402 De
1701 381 1789 402 voce
1812 373 1997 410 ἐνδόσιμον,

210 433 304 471 quod
330 437 381 461 est
401 424 672 470 “prooemium''‚
706 439 761 458 res
783 428 991 467 pervolgata
1014 430 1079 463 est3
1115 426 1202 457 conf.
1226 426 1371 457 Aristot.
1395 426 1495 457 Polit.
1518 425 1612 461 VIII,
1646 427 1675 460 5,
1698 435 1730 465 p.
1754 426 1850 456 1339ἐι
1876 426 1928 460 13;
1961 433 1998 456 et

211 485 371 516 Photium
403 485 435 514 in
460 484 590 514 Lexico
625 484 677 513 ed.
701 483 827 517 Naber,
861 482 894 511 II
916 492 947 520 p.
974 481 1031 511 104
1060 490 1084 511 S.
1108 491 1140 511 v.
1175 478 1362 522 προαύλιον]
1387 481 1404 511 ὃ
1427 482 1675 519 προενδιδοῦσιν
1697 480 1727 511 οἱ
1750 479 1893 518 αὐληταί,
1926 480 1998 512 οἷον

213 539 412 577 προαύλημα,
447 543 480 567 et
504 548 529 568 s.
552 546 583 568 v.
619 533 788 576 προαύλια]
822 535 1062 573 προαυλήματα,
1090 535 1134 573 ὡς
1156 536 1365 574 προαμβολὰς
1387 536 1439 566 καὶ
1463 535 1750 574 προανακρούσεις.
1785 534 1872 565 conf.
1884 533 1996 565 Guhr-

210 602 350 622 auerum
372 602 404 631 p.
429 592 489 622 346
514 596 600 621 extr.

356 646 429 675 Iam
454 646 496 675 de
521 645 687 684 partibus,
722 653 811 682 quae
845 649 922 673 sunt
952 645 1045 681 πεῖρα
1069 648 1102 673 et
1124 643 1394 682 κατακελευσμός,
1418 643 1613 673 videndum.
1660 642 1714 673 Ac
1739 645 1832 681 πεῖρα
1857 642 1995 682 quidem

210 700 357 740 primum
392 698 561 738 significat
596 698 650 728 dei
682 707 873 728 accessum:
909 698 1019 727 locum
1053 702 1086 727 et
1118 697 1298 727 latibulum
1333 697 1494 727 draconis
1517 697 1725 736 speculatur.
1770 697 1808 726 In
1830 697 1998 727 hieratica

215 753 303 783 enim
333 753 477 783 historia
505 752 592 792 (ἱερῷ
615 752 715 792 λόγῳ)
746 757 778 781 et
806 751 838 780 in
869 750 1017 790 Septerii
1047 751 1261 781 caerimoniis
1289 751 1366 781 huic
1387 751 1690 790 appropinquandi
1714 751 1849 781 conatui
1872 761 1996 780 nomen

208 807 290 838 suit:
321 808 339 845 ἡ
363 807 544 844 Δολώνεια,
582 806 672 836 unde
704 806 758 835 vel
793 806 893 835 deum
928 804 1152 835 immortalem
1187 810 1286 835 caute
1323 805 1355 834 in
1390 810 1459 834 tam
1485 805 1594 835 atroci
1621 810 1776 835 monstro
1799 804 2000 844 indagando

216 861 331 900 egisse
364 861 446 890 satis
481 861 684 899 adpareret:
722 870 761 889 ac
796 864 889 889 recte
923 858 1076 898 quidem;
1109 869 1187 888 nam
1223 859 1410 889 secundum
1439 858 1631 888 fabularum
1655 859 1788 889 illarum
1811 859 1995 899 ingenium,

212 915 342 954 Apollo
367 914 528 953 augurari
551 914 672 953 potuit,
710 923 776 952 quo
800 913 912 942 animo
936 912 1052 942 Tellus
1080 913 1146 942 dea
1169 913 1311 943 caedem
1331 912 1437 951 prolis
1461 922 1544 942 suae
1567 912 1679 942 latura
1703 919 1810 949 esset3
1843 923 1921 943 nam
1945 924 1998 951 ea,

213 969 293 999 licet
309 968 424 1002 invita,
448 972 635 1007 pepererat
648 972 763 997 tamen
780 967 986 1005 Pythonem3
1011 965 1109 998 Ovid.
1132 966 1214 997 Met.
1232 967 1258 1005 I,
1279 968 1356 997 338:
1382 965 1445 995 llla
1461 965 1595 1006 quidem
1612 966 1722 1002 nolles,
1743 967 1803 996 sed
1815 969 1845 996 te
1860 977 1997 1008 quaque,

212 1021 361 1052 maxime
384 1021 516 1063 valwm
541 1021 553 1060 Ι]
574 1023 643 1050 lum
663 1019 797 1061 genuit,
821 1020 1012 1060 pvpulz'sqm
1043 1019 1147 1055 novis,
1175 1019 1345 1061 incognl’fc
1367 1029 1512 1059 serpeus,
1535 1020 1547 1059 ΙΙ
1569 1022 1679 1050 ferror
1701 1030 1785 1052 eras.
1821 1021 1941 1061 Itaque
1964 1022 1997 1051 in

217 1077 310 1116 πείρᾳ
333 1076 478 1115 primum
500 1076 566 1105 loci
583 1075 778 1114 exploratio
798 1075 1006 1111 continetur;
1029 1084 1094 1104 non
1111 1074 1258 1114 quidem,
1283 1074 1574 1113 quemadmodum
1591 1074 1717 1104 Pollux
1734 1075 1996 1114 interpretatur:

210 1131 244 1162 ἐν
280 1132 336 1168 μὲν
369 1133 406 1170 τῇ
435 1130 528 1170 πείρᾳ
561 1132 653 1169 διορᾷ
687 1130 743 1160 τὸν
767 1129 877 1163 τόπον,
902 1129 927 1160 εἰ
952 1128 1038 1166 ἄξιός
1061 1129 1129 1160 ἐστι
1152 1131 1209 1160 τοῦ
1233 1128 1368 1166 ἀγῶνος,
1405 1129 1503 1168 quasi
1527 1129 1731 1168 speculetur,
1755 1139 1834 1158 num
1858 1130 1997 1159 oraculo

211 1185 394 1214 condendo
417 1185 512 1214 locus
536 1183 680 1213 idoneus
704 1183 767 1219 sit3
799 1184 860 1213 sed
883 1183 991 1213 hostis
1013 1183 1070 1213 ubi
1093 1188 1127 1213 et
1150 1183 1260 1222 qualis
1284 1183 1336 1220 sit,
1360 1183 1447 1213 scire
1471 1183 1554 1218 volt,
1577 1193 1645 1222 quo
1670 1182 1897 1213 confidentius
1920 1193 1998 1213 eum

211 1238 442 1278 adgrediatur.
486 1237 623 1268 Deinde
658 1247 741 1267 vero
775 1237 866 1275 πείρα
895 1237 1037 1276 primam
1062 1236 1129 1267 iam
1151 1237 1323 1276 sagittam,
1363 1247 1383 1267 a
1407 1238 1473 1267 deo
1498 1238 1542 1266 ad
1566 1238 1803 1277 temptandum
1828 1237 1999 1273 emissam,

211 1290 311 1330 quasi
327 1290 432 1320 oculis
447 1291 668 1329 spectandam
683 1290 881 1325 exhibebat,
905 1291 1196 1330 quemadmodum
1211 1291 1243 1320 in
1258 1291 1374 1321 Iliadis
1391 1291 1536 1321 exordio
1551 1291 1696 1330 primum
1709 1292 1813 1322 telum
1829 1292 1862 1321 in
1885 1292 1999 1321 mulos

211 1350 245 1375 et
269 1354 373 1374 canes
406 1349 553 1383 torquet.
606 1344 705 1373 Hanc
741 1345 851 1382 πείρας
887 1344 1171 1384 significationem
1203 1345 1316 1376 Schol.
1350 1345 1448 1376 Pind.
1484 1356 1556 1385 arg.
1582 1346 1681 1386 Pyth.
1709 1356 1741 1385 p.
1766 1347 1825 1377 297
1859 1347 1997 1385 premit:

211 1401 324 1437 πεῖραν
349 1400 414 1436 μὲν,
439 1399 487 1429 ὅτι
511 1398 706 1436 ἀπεπειράθη
731 1402 788 1436 τῆς
814 1399 893 1429 κατὰ
917 1399 953 1429 τὸ
977 1400 1085 1437 θηρίον
1106 1400 1217 1438 μάχης.
1262 1399 1388 1430 Strabo
1423 1400 1510 1430 hanc
1543 1406 1679 1439 partem
1710 1400 1864 1439 ἄμπειραν
1894 1406 1997 1430 vocat

215 1453 406 1492 explicans:
431 1452 587 1491 ἄμπειραν
609 1454 643 1483 δὲ
667 1453 724 1490 τὴν
749 1453 877 1491 πρώτην
901 1453 1092 1491 κατάπειραν
1115 1456 1172 1484 τοῦ
1188 1454 1324 1491 ἀγῶνος.
1361 1453 1473 1484 Recte
1490 1454 1620 1484 monuit
1637 1454 1859 1485 Guhrauerus
1877 1464 1909 1493 p.
1927 1455 1999 1494 346,

215 1507 390 1545 ἀνάπειραν
406 1516 483 1537 esse
499 1507 581 1537 artis
606 1507 823 1542 vocabulum,
847 1508 938 1546 quod
962 1508 1175 1546 praeludium
1199 1507 1378 1547 significet,
1403 1507 1497 1537 velut
1516 1507 1604 1538 Plut.
1622 1518 1706 1539 mus.
1719 1509 1758 1539 33
1781 1508 1887 1539 med:
1910 1508 1928 1546 ἡ
1952 1533 1981 1539 ..

213 1561 349 1600 ἁρμονία
376 1561 410 1592 ἐν
435 1561 478 1602 τῴ
501 1564 558 1599 τῆς
582 1556 717 1599 Ἀθηνᾶς
741 1561 829 1602 νόμῳ
852 1562 934 1592 πολὺ
957 1562 1100 1600 διέστηκε
1124 1562 1204 1593 κατὰ
1226 1562 1263 1592 τὸ
1278 1561 1357 1600 ἦθος
1373 1563 1430 1600 τῆς
1447 1562 1634 1600 ἀναπείρας;
1658 1562 1775 1602 itaque
1789 1562 1998 1593 Strabonem

214 1625 330 1646 errare
363 1615 482 1645 videri.
528 1615 599 1646 Sed
629 1615 806 1645 excusatio
843 1615 971 1644 homini
1004 1621 1126 1655 parata
1159 1616 1304 1652 videtur,
1338 1617 1442 1646 modo
1477 1621 1688 1656 reputemus:
1725 1616 1871 1656 primam
1903 1616 1997 1646 illam

212 1669 375 1708 sagittam
399 1678 497 1698 arcus
521 1669 711 1708 temptandi
735 1679 857 1699 caussa
881 1669 1069 1699 coniectam
1092 1670 1197 1699 totius
1220 1669 1352 1708 proelii,
1377 1669 1515 1709 sagittis
1538 1669 1748 1709 perficiendi,
1773 1670 1873 1709 quasi
1894 1680 1993 1710 prae-

211 1723 339 1752 ludium
378 1722 492 1752 fuisse.
539 1722 594 1752 De
626 1728 726 1761 parte
757 1723 918 1762 proxima
954 1725 1198 1764 κατακελευσμῷ
1224 1724 1322 1754 unice
1352 1735 1436 1754 vera
1459 1725 1595 1755 videtur
1618 1725 1768 1755 Pollucis
1791 1724 1996 1764 explicatio:

211 1779 417 1816 προκαλεῖται
440 1778 496 1808 τὸν
519 1777 687 1815 δράκοντα,
713 1777 854 1816 prodire
878 1787 955 1807 eum
978 1778 1020 1807 ad
1044 1778 1265 1817 pugnandum
1288 1777 1397 1816 iubet,
1426 1777 1460 1807 id
1484 1778 1550 1808 deo
1573 1778 1744 1808 bellatore
1768 1778 1908 1817 dignum
1933 1783 1994 1808 est.

213 1831 410 1871 Quaeritur,
434 1831 556 1870 quibus
578 1831 747 1870 rhythmis
769 1833 864 1869 πεῖρα
888 1837 922 1861 et
946 1831 1203 1869 κατακελευσμὸς
1227 1831 1408 1870 compositi
1433 1831 1566 1863 suerint.
1611 1832 1666 1862 De
1688 1833 1780 1872 πείρᾳ
1805 1832 1888 1861 nihil
1912 1831 1997 1862 certi

211 1885 372 1915 extricari
404 1884 531 1923 poterit
562 1890 706 1924 propter
735 1884 1005 1915 testimoniorum
1029 1891 1062 1915 et
1084 1885 1284 1914 indiciorum
1307 1885 1494 1924 penuriam.
1539 1885 1576 1915 In
1601 1888 1847 1926 κατακελευσμῷ
1869 1895 1994 1915 nomen

212 1939 370 1969 indicium
398 1938 512 1968 facere
535 1938 684 1975 videtur;
709 1949 787 1968 nam
810 1939 890 1977 pedi
910 1937 1202 1978 proceleusmatico
1225 1939 1373 1978 aliquam
1397 1949 1473 1969 cum
1490 1939 1547 1969 illo
1564 1940 1773 1979 provocandi
1790 1944 1996 1979 argumento

212 1992 416 2022 affinitatem
439 1993 662 2027 intercedere,
701 2003 755 2022 res
778 1992 853 2031 ipsa
877 1993 1024 2023 clamare
1047 1993 1191 2023 videtur.
1228 1993 1262 2022 Is
1295 2003 1455 2024 numerus
1483 1994 1568 2024 tibia
1593 2004 1780 2033 expressus
1811 2000 1845 2024 et
1877 1994 1992 2024 elabo-

211 2052 286 2077 rate
323 2047 367 2076 ad
402 2056 561 2076 scaenam
596 2047 694 2085 quasi
729 2047 836 2076 oculis
869 2046 1100 2076 subiciendam
1127 2047 1336 2086 exsculptus,
1361 2057 1522 2087 magnam
1546 2049 1590 2077 ad
1614 2048 1899 2078 commovendum
1925 2048 1995 2077 vim

209 2101 338 2130 habere
363 2100 488 2130 debuit.

322 2273 367 2302 113.
411 2272 614 2302 Postremae
638 2273 729 2302 nomi
753 2272 887 2312 Pythici
910 2278 1042 2311 partes:
1066 2275 1246 2305 Σπονδεῖον
1266 2280 1299 2304 et
1324 2275 1569 2313 Καταχόρευσις.
1605 2275 1691 2305 Pars
1715 2276 1894 2315 quaedam,

562 2326 614 2356 cui
639 2326 786 2366 μητρῷον
808 2336 930 2356 nomen
955 2333 1015 2363 est,
1040 2328 1134 2358 cuius
1157 2328 1254 2358 testis
1278 2329 1483 2359 auctoritate
1507 2329 1643 2360 nitatur.

361 2425 444 2455 Cum
468 2424 580 2464 igitur,
614 2426 706 2463 quod
732 2426 833 2455 valde
854 2426 1046 2459 dolendum,
1071 2427 1153 2456 satis
1168 2436 1280 2465 pauca
1297 2426 1370 2461 sint,
1396 2437 1483 2466 quae
1501 2428 1543 2458 de
1560 2427 1651 2457 nomi
1668 2427 1804 2467 Pythici
1821 2427 1996 2467 prioribus

211 2478 275 2507 illis
297 2485 376 2508 ante
396 2473 625 2508 “Iambicum”
649 2479 805 2518 partibus
829 2480 900 2509 erui
924 2481 1065 2518 possint,
1090 2481 1264 2520 aliquanto
1288 2481 1470 2520 benignius
1489 2482 1609 2511 horum
1630 2482 1818 2512 studiorum
1841 2482 1993 2512 Fortuna

211 2532 395 2570 postremis
429 2532 584 2570 partibus
614 2533 863 2571 cognoscendis
893 2535 1080 2572 prospexit.
1141 2534 1227 2566 Sunt
1270 2541 1383 2565 autem
1427 2536 1517 2565 duae
1552 2535 1790 2575 potissumum,
1825 2546 1914 2575 quae
1947 2536 1995 2564 ab
