2357 3220
1172 267 1190 295 ,ἢ

284 376 412 397 nomen
436 365 601 396 tributum
630 371 692 397 est.
738 364 866 396 Strabo
889 363 953 402 IX,
984 363 1062 393 421:
1093 363 1298 400 προσέθεσαν
1326 362 1361 393 δὲ
1385 363 1453 399 τοῖς
1477 363 1667 402 κιθαρῳδοῖς
1689 361 1830 400 αὐλητάς
1853 387 1931 401 ...,
1955 361 2083 393 ἀποδώ-

291 420 414 459 σοντάς
439 431 467 452 τι
491 421 597 459 μέλος,
632 420 650 451 ὃ
674 421 814 451 καλεῖται
837 419 937 456 νόμος
960 417 1113 455 Πυθικός.
1158 416 1212 447 De
1245 425 1348 447 nomo
1372 415 1520 456 Pythico
1552 422 1632 456 post
1656 415 1880 455 Boeckhium,
1915 417 1958 447 de
1981 415 2082 447 Metr.

288 474 387 506 Pind.
413 484 445 514 p.
470 475 528 505 182
562 475 627 505 hac
659 479 778 504 nostra
801 478 918 503 aetate
942 472 1011 501 duo
1035 471 1098 501 viri
1125 471 1246 501 harum
1268 480 1381 501 rerum
1407 470 1604 510 peritissimi
1629 471 1709 500 data
1732 480 1840 510 opera
1863 470 2083 500 commentati

289 535 384 560 sunt:
420 528 635 559 Henricus
668 526 896 565 Guhrauer,
933 526 994 556 der
1026 524 1214 565 Pythische
1245 524 1386 560 Nomos,
1426 524 1518 564 Lips.
1555 524 1643 560 1876,
1676 525 1709 554 in
1743 524 1959 555 Fleckeiseni
1992 524 2082 555 Ann.

288 582 618 623 Supplementorum
653 581 719 613 vol.
752 580 846 615 VIII,
880 590 912 619 p.
942 580 1003 610 312
1035 585 1069 610 et
1092 578 1305 609 Eduardus
1329 578 1478 616 Hiller,
1515 577 1675 609 Sakadas
1710 579 1771 608 der
1795 578 1901 609 Aulet
1936 578 1968 608 in
1992 578 2081 608 Mus.

290 637 404 668 Rhen.
428 637 494 668 vol.
514 637 551 667 31
577 635 696 675 (1876),
719 645 751 674 p.
778 635 827 665 80.
865 633 938 664 Iam
955 634 1100 664 eandem
1119 634 1297 664 materiam
1314 642 1389 663 cum
1409 633 1522 662 denuo
1539 642 1628 663 nunc
1647 632 1847 663 excutimus.
1872 632 1905 662 id
1922 642 2084 663 maxume

296 696 502 731 spectamus,
527 695 563 720 ut
587 699 631 720 ex
655 689 722 719 hoc
745 688 1028 719 luculentissumo
1047 695 1079 718 et
1095 687 1319 718 celeberrimo
1337 687 1506 726 exemplo,
1525 696 1614 726 quae
1631 686 1733 716 fuerit
1749 687 1886 716 omnino
1902 697 2083 717 nomorum

287 745 468 785 dispositio
500 750 534 775 et
558 743 708 783 partium
731 748 850 773 mutua
874 743 973 778 ratio,
1002 752 1105 782 quam
1129 742 1394 772 accuratissume
1423 740 1498 771 fieri
1521 741 1641 781 possit,
1664 741 1862 771 illustretur.
1908 741 1962 770 Ac
1985 751 2084 780 prae-

287 799 518 830 stantissimus
542 798 683 838 quidem
718 803 752 828 et
781 796 850 828 fide
873 797 966 827 haud
990 797 1094 827 dubie
1119 796 1340 836 dignissimus
1365 796 1407 826 de
1430 795 1523 825 nomi
1547 794 1684 834 Pythici
1708 795 1961 834 compositione
1986 795 2085 825 testis

293 853 420 884 Pollux
455 859 508 884 est
539 852 598 889 IV,
632 853 681 892 84,
714 852 772 892 qui
807 852 957 891 quinque
990 851 1083 881 nomi
1106 851 1241 891 Pythici
1273 856 1393 891 partes
1428 860 1489 880 seu
1525 850 1701 889 periodos,
1738 849 1765 879 si
1796 860 1871 880 cum
1896 849 2083 880 Ricardo

292 907 572 938 Volkmanno
604 907 648 937 ad
672 906 760 937 Plut.
794 906 824 937 d.
848 905 937 936 Mus.
960 915 992 945 p.
1019 906 1086 945 110,
1114 907 1153 936 42
1177 906 1355 936 dicendum
1381 905 1433 940 sit,
1458 905 1506 935 ita
1530 904 1730 944 destinguit,
1768 910 1804 934 ut
1827 914 1903 939 una,
1939 915 2029 944 quae
2052 905 2083 934 in

291 961 406 992 medio
440 961 555 1000 posita
588 960 702 995 fuerit,
734 961 845 1000 ipsum
879 960 984 990 divini
1015 960 1194 990 bellatoris
1227 970 1301 990 cum
1336 964 1499 999 serpente
1538 966 1713 990 certamen
1743 959 1956 998 continuerit,
1995 960 2084 989 duae

287 1016 423 1056 priores
445 1015 620 1046 introitum
644 1015 677 1045 in
700 1025 864 1055 pugnarn,
889 1015 979 1045 duae
1002 1014 1214 1054 posteriores
1236 1014 1402 1045 victoriae
1420 1014 1485 1044 rite
1502 1014 1732 1044 celebrandae
1750 1013 1927 1044 laetitiam.
1964 1013 2085 1044 Tradit

286 1070 392 1110 igitur
420 1070 545 1100 Pollux
573 1070 593 1100 1.
623 1080 664 1099 s.:
700 1071 757 1101 τοῦ
786 1071 821 1101 δὲ
850 1069 993 1101 Πυθικοῦ
1024 1069 1126 1107 νόμου
1153 1071 1210 1099 τοῦ
1238 1068 1409 1106 αὐλητικοῦ
1440 1068 1517 1106 μέρη
1544 1068 1648 1104 πέντε,
1682 1069 1786 1105 πεῖρα,
1816 1067 2084 1105 κατακελευσμὸς,

289 1125 444 1164 ἰαμβικὸν,
467 1125 652 1162 σπονδεῖον,
676 1124 918 1163 καταχόρευσις.
942 1124 1073 1162 δήλωμα
1096 1121 1122 1154 δ’
1136 1123 1222 1154 ἐστὶν
1245 1122 1263 1154 ὁ
1285 1122 1385 1160 νόμος
1408 1124 1465 1160 τῆς
1488 1123 1545 1153 τοῦ
1567 1117 1774 1159 ’Λπόλλωνος
1799 1122 1900 1159 μάχης
1924 1122 2005 1159 πρὸς
2028 1122 2085 1152 τὸν

291 1178 461 1218 δράκοντα.
506 1177 644 1208 Deinde
673 1188 791 1208 eorum
819 1178 970 1217 quinque
994 1177 1170 1207 nominum
1198 1178 1260 1207 has
1284 1175 1538 1216 explicationes
1562 1175 1676 1206 adicit.
1721 1175 1822 1205 Duae
1843 1181 1962 1215 partes
1985 1185 2084 1215 prae-

286 1233 461 1273 parationi
500 1232 695 1263 destinatae
729 1233 832 1263 deum
866 1232 1051 1262 ostendunt
1083 1232 1160 1262 loca
1194 1231 1525 1271 circumspicientem
1561 1236 1595 1260 et
1628 1236 1819 1260 monstrum
1841 1230 2083 1269 lacessentem;

288 1287 434 1318 Pollux:
462 1287 513 1318 καὶ
535 1287 570 1319 ἐν
593 1288 650 1326 μὲν
667 1290 705 1327 τῇ
729 1287 824 1328 πείρᾳ
845 1289 937 1327 διορᾷ
959 1287 1015 1318 τὸν
1037 1286 1147 1324 τόπον,
1172 1286 1198 1317 εἰ
1221 1286 1308 1324 ἄξιός
1331 1286 1400 1317 ἐστι
1423 1287 1482 1317 τοῦ
1505 1286 1647 1324 ἀγῶνος·
1671 1285 1706 1317 ἐν
1722 1285 1757 1316 δὲ
1774 1287 1818 1326 τῷ
1835 1286 2083 1326 κατακελευσμῷ

285 1343 492 1380 προκαλεῖται
532 1341 590 1372 τὸν
623 1340 792 1379 δράκοντα.
833 1339 952 1370 Tertia
985 1350 1077 1380 parS,
1113 1340 1150 1371 τὸ
1175 1340 1325 1379 ἰαμβικόν,
1359 1341 1470 1380 ipsum
1494 1346 1668 1370 certamen
1693 1339 1879 1374 continens,
1904 1349 1970 1369 una
1994 1349 2085 1369 com-

287 1395 472 1436 prehendit
500 1396 662 1425 tubarum
679 1395 811 1424 sonitus
828 1400 862 1424 et
879 1394 1038 1424 draconis
1054 1394 1206 1424 dentium
1224 1394 1420 1433 stridorem3
1444 1394 1585 1425 Pollux:
1611 1395 1645 1425 έν
1662 1395 1697 1425 δὲ
1720 1397 1765 1435 τῷ
1789 1393 1919 1434 ἰαμβικῷ
1943 1393 2083 1432 μάχεται.

290 1450 515 1489 ἐμπεριείληφε
543 1450 579 1481 δὲ
607 1450 644 1480 τὸ
673 1448 817 1488 ἰαμβικὸν
840 1449 891 1480 καὶ
914 1449 952 1480 τὰ
976 1449 1169 1480 σαλπιστικὰ
1192 1449 1355 1487 κρούματα
1378 1449 1430 1480 καὶ
1452 1449 1509 1480 τὸν
1532 1448 1734 1487 ὀδοντισμὸν,
1759 1448 1803 1486 ὡς
1825 1450 1883 1479 τοῦ
1906 1448 2083 1487 δράκοντος

289 1504 324 1536 ἑν
347 1507 392 1546 τῷ
416 1504 604 1536 τοξεύεσθαι
628 1504 845 1542 συμπρίοντος
866 1504 944 1543 τοὺς
968 1503 1119 1542 ὀδόντας.
1160 1503 1195 1533 In
1213 1503 1396 1543 postremis
1413 1504 1547 1534 duabus
1563 1503 1721 1543 partibus
1738 1503 1838 1532 deum
1856 1503 2086 1542 conspicimus

290 1559 439 1599 primum
463 1558 638 1598 libantem,
661 1558 787 1589 deinde
811 1558 855 1588 ad
878 1558 1017 1598 plenum
1041 1563 1075 1588 et
1099 1558 1273 1598 integrum
1296 1559 1505 1598 triumphum
1531 1558 1705 1598 agendum
1722 1557 1920 1593 saltantem;
1943 1557 2082 1588 Pollux:

293 1614 332 1645 τὸ
360 1614 396 1645 δὲ
425 1615 602 1645 σπονδεῖον
625 1615 717 1652 δηλοῖ
745 1613 803 1651 τὴν
826 1613 916 1652 νίκην
945 1615 1002 1644 τοῦ
1027 1614 1111 1644 θεοῦ.
1157 1613 1192 1643 ἐν
1215 1613 1249 1643 δὲ
1271 1615 1308 1653 τῇ
1332 1612 1565 1650 καταχορεύσει
1590 1611 1608 1642 ὁ
1629 1611 1705 1650 θεὸς
1728 1611 1768 1642 τὰ
1792 1611 1926 1642 ἐπινίκια
1950 1611 2084 1649 χορεύει.

290 1667 393 1709 Quod
431 1678 475 1698 ne
509 1667 585 1707 quis
619 1668 653 1698 in
674 1667 840 1707 Apolline
871 1667 1011 1698 nimium
1042 1667 1192 1705 miretur,
1227 1667 1300 1706 ipse
1327 1665 1483 1706 Iuppiter
1513 1665 1696 1696 debellatis
1718 1664 1899 1695 Titanibus
1925 1665 2084 1695 saltando

288 1722 499 1762 triumphum
523 1727 672 1753 testatus
695 1727 757 1759 est,
781 1722 1071 1762 quemadmodum
1087 1722 1159 1752 sive
1178 1721 1342 1752 Eumelus
1360 1720 1557 1752 Corinthius
1575 1720 1647 1750 sive
1664 1719 1829 1750 Arctinus
1845 1724 2084 1758 enarraverat3

289 1777 417 1808 Athen.
440 1776 466 1811 Ι,
490 1786 522 1816 p.
548 1777 613 1808 220:
641 1776 788 1815 Εὔμηλος
812 1777 847 1808 δὲ
870 1776 888 1808 ὁ
913 1777 1078 1815 Κορίνθιος
1100 1777 1118 1815 ἢ
1144 1771 1304 1815 Ἀρκτῖνος
1334 1776 1391 1807 τὸν
1414 1775 1479 1806 Δία
1502 1774 1702 1813 ὀρχούμενόν
1725 1785 1788 1806 που
1811 1774 1948 1812 παράγει
1971 1774 2089 1810 λέγων·

287 1832 472 1863 Μέσσοισιν
495 1830 522 1862 δ’
548 1831 682 1870 ὠρχεῖτο
705 1832 809 1869 πατὴρ
833 1830 959 1870 ἀνδρῶν
982 1841 1016 1862 τε
1041 1832 1124 1862 θεῶν
1151 1841 1195 1862 τε.

399 2000 428 2030 8.
472 1997 511 2028 In
535 1996 717 2028 Strabonis
741 1997 784 2026 de
804 1996 919 2026 Nomo
942 1996 1090 2036 Pythico
1115 1996 1311 2027 testimonio
1334 1996 1398 2037 IX,
1421 2006 1452 2036 p.
1478 1996 1537 2027 421
1563 2005 1726 2026 maxume
1751 1994 1973 2034 conspicuum

624 2056 677 2081 est
701 2050 933 2081 Timosthenis
955 2050 1097 2091 Rhodii,
1120 2051 1239 2081 classis
1261 2051 1381 2091 regiae
1404 2049 1584 2090 praefecti,
1608 2059 1744 2080 nomen.

440 2157 518 2187 Hae
530 2156 636 2197 igitur
649 2162 768 2196 partes
793 2155 991 2195 singillatim
1012 2165 1101 2186 nunc
1118 2155 1392 2186 considerandae
1409 2160 1496 2194 sunt,
1520 2154 1681 2194 quoniam
1697 2159 1837 2194 praeter
1852 2154 2086 2184 testimonium

286 2211 381 2252 apud
401 2210 578 2241 Pollucem
601 2210 744 2240 aliorum
767 2219 907 2250 quoque
924 2209 1062 2240 testium
1080 2209 1302 2249 divergentes
1317 2209 1505 2249 paullulum
1523 2207 1742 2239 definitiones
1758 2213 1908 2239 aetatem
1925 2209 2085 2247 tulerunt,

289 2275 377 2306 quas
401 2265 433 2295 in
457 2264 755 2304 comparationem
778 2264 896 2294 vocari
921 2269 1071 2303 oportet.
1109 2264 1164 2294 Ac
1187 2263 1331 2303 primum
1355 2264 1493 2303 quidem
1518 2263 1633 2293 media
1656 2273 1748 2302 pars,
1772 2273 1861 2302 quae
1884 2263 1989 2293 totius
2008 2263 2086 2293 dra-

287 2319 391 2350 matis
415 2319 609 2359 potissuma
632 2319 725 2348 haud
749 2318 852 2349 dubie
876 2324 938 2359 est,
961 2329 1030 2358 qua
1052 2318 1163 2358 ipsum
1188 2322 1360 2348 certamen
1385 2317 1622 2352 enarrabatur,
1647 2327 1724 2347 cum
1748 2327 1768 2346 a
1783 2317 1924 2347 Polluce
1942 2322 2087 2347 vocetur

286 2374 326 2405 τὸ
347 2373 500 2412 ἰαμβικὸν,
524 2372 654 2403 Strabo
678 2372 741 2409 IX,
767 2383 800 2412 p.
823 2374 882 2403 421
909 2373 1010 2403 aliam
1034 2383 1178 2412 prorsus
1203 2373 1407 2402 sententiam
1432 2378 1465 2402 et
1490 2373 1533 2402 de
1554 2382 1592 2402 re
1616 2377 1649 2402 et
1672 2372 1715 2402 de
1735 2371 1873 2402 nomine
1888 2371 2086 2411 profitetur;

289 2438 370 2458 nam
401 2428 430 2457 is
453 2437 592 2467 quoque
615 2428 692 2457 loco
716 2427 774 2457 illo
798 2427 1073 2457 celebratissimo
1097 2436 1233 2456 nomum
1259 2425 1441 2466 Pythicum
1465 2426 1708 2465 explicandum
1732 2425 1795 2455 sibi
1819 2425 1932 2466 elegit.
1976 2425 2084 2465 Atqui

286 2482 472 2513 lectionem
501 2481 595 2520 apud
620 2480 830 2511 Strabonem
853 2481 1017 2510 traditam
1042 2481 1068 2510 si
1093 2490 1284 2520 sequamur,
1308 2480 1461 2511 narratio
1486 2480 1558 2510 eius
1581 2480 1668 2510 haec
1691 2479 1772 2510 erit:
1808 2489 1945 2509 nomum
1968 2479 2086 2519 Pythi-

292 2546 380 2576 cum,
410 2535 547 2575 qualem
577 2545 666 2565 nunc
696 2534 877 2569 describat,
902 2534 1131 2574 compositum
1156 2544 1232 2564 esse
1254 2544 1275 2564 a
1297 2533 1507 2564 Timosfhcnc
1530 2534 1624 2573 regis
1648 2533 1839 2563 Ptolemaei
1866 2533 2084 2573 Philadelphi

293 2590 416 2622 classis
440 2590 661 2630 imperatore,
697 2589 752 2629 qui
785 2595 945 2629 portuum
969 2589 1240 2628 topographiam
1262 2589 1495 2629 composuerit
1519 2589 1639 2619 decem
1662 2588 1759 2618 libris
1783 2588 2085 2627 comprehensam;

1871 2643 1886 2659 s)
