2298 3147
1111 220 1147 249 10

234 319 350 350 Strab.
373 319 392 348 1.
417 328 460 348 s.:
485 318 696 355 ἐμελοττοὶησε
718 319 774 354 μἐν
799 317 858 348 οὖν
881 317 1087 355 Τιμοσθένης,
1111 315 1129 346 ὁ
1152 317 1312 356 ναύαρχος
1335 320 1391 349 τοῦ
1416 319 1567 356 δευτέρου
1590 319 1793 357 Πτολεμαίου
1825 322 1843 353 ὁ
1866 323 1917 353 καὶ
1939 323 2018 361 τοὺς

233 374 364 411 λιμένας
397 372 555 410 συντάξας
589 372 623 402 ἐν
653 372 729 402 δέκα
765 372 893 410 βίβλοις.
947 370 1185 401 Timosthenes
1220 371 1306 402 inter
1341 372 1546 402 clarissimos
1581 373 1742 413 antiquae
1778 377 2018 415 geographiae

233 427 421 466 scriptores
451 431 512 456 est.
558 425 638 455 Eius
673 426 716 455 de
738 425 913 455 Portubus
947 435 1052 464 opere
1080 428 1149 454 tam
1173 425 1357 464 diligenter
1380 431 1546 466 tantoque
1572 428 1686 457 studio
1710 427 1959 460 Eratosthenes
1983 431 2015 460 in

232 479 485 520 Geographicis
518 490 599 509 usus
634 485 695 515 est,
731 485 767 509 ut
795 480 886 518 apud
909 479 1090 509 nonnullos
1113 479 1145 508 in
1168 479 1399 518 suspicionem
1422 481 1563 520 veniret,
1603 481 1701 521 quasi
1725 482 1836 512 aliena
1859 492 1922 522 pro
1947 484 2017 514 suis

235 535 436 565 venditaret.
480 533 676 564 Marcianus
710 534 919 564 Heracleota
952 534 985 563 in
1015 532 1149 572 Periplo
1182 534 1284 564 maris
1318 534 1440 565 interni
1474 536 1506 565 in
1544 535 1578 566 C.
1602 535 1776 568 Muelleri:
1811 535 2018 577 Geographi

233 588 359 619 Graeci
391 588 548 623 minores,
581 587 680 617 Paris
706 588 795 622 1885,
830 588 897 617 vol.
923 587 948 625 Ι,
983 597 1014 626 p.
1037 587 1096 617 566
1120 587 1185 618 ait:
1223 583 1458 628 Ἐρατοσθένης
1489 591 1523 621 δὲ
1554 591 1571 622 ὁ
1597 591 1782 630 Κυρηναῖος,
1807 591 1864 622 οὐκ
1888 591 1962 622 οἶδα
1987 592 2015 622 τί

231 644 351 677 παθὼν,
383 643 420 673 τὸ
442 642 658 680 Τιμοσθένους
688 643 867 680 μετέγραψε
905 642 1024 680 βιβλίον
1060 642 1177 679 βραχέα
1208 643 1278 673 τινὰ
1308 644 1470 682 προσθεὶς,
1498 645 1542 682 ὡς
1571 646 1648 683 μηδὲ
1681 647 1738 676 τοῦ
1766 646 1935 683 προοιμίου
1958 648 2016 677 τοῦ

232 697 508 735 ςμνημονευθέντος
538 696 746 734 ἀποσχέσθαι,
783 695 851 726 ἀλλ’
886 696 996 733 αὐταῖς
1037 695 1140 726 λέξεσι
1176 696 1301 728 κάκεῖνο
1335 700 1391 728 τοῦ
1425 698 1542 729 οἰκείου
1575 701 1740 736 προθεῖναι
1776 700 2014 739 συγγράματος.

235 750 475 780 Patrocinatus
509 755 561 780 est
588 749 818 783 Eratostheni,
853 757 890 779 ut
923 748 1101 789 expectari
1123 750 1244 789 potuit,
1276 750 1521 791 Bernhardyus
1553 752 1586 782 in
1615 752 1888 784 Eratosthenicis
1921 764 1953 794 p.
1978 756 2014 785 14

234 804 445 834 Marcianum
481 809 516 833 ut
548 803 829 833 calumniatorem
865 813 1019 842 carpens
1063 802 1170 842 quue
1205 804 1426 834 confirmatur
1453 805 1541 842 inde,
1578 808 1672 845 quod
1695 806 1821 838 Strabo
1846 808 1885 842 ΙΙ,
1920 818 1952 847 p.
1976 809 2016 839 92

235 859 322 889 med.
343 858 605 887 Eratosthenem
640 859 683 887 ab
707 857 931 887 Timosthene
967 857 998 886 in
1032 857 1184 895 plurimis
1215 858 1431 897 discrepasse
1459 860 1580 890 tradit:
1625 860 1749 892 ἔστιδὲ
1771 864 1930 893 τοσοῦτον
1952 864 2017 894 τῶν

233 912 579 950 ἁμαρτανομένων
605 911 665 942 ὑπὸ
699 913 756 942 τοῦ
790 907 1045 949 Ἐρατοσθένους
1081 911 1118 942 τὸ
1151 914 1274 950 πλῆθος
1313 914 1363 943 καὶ
1396 913 1458 944 ὑπὸ
1491 914 1713 953 Τιμοσθένους
1744 916 1794 953 (ὃν
1819 916 1939 948 ἐπαινεῖ
1961 918 2018 955 μὲν

232 966 356 1004 ἐκεῖνος
382 965 516 1003 μάλιστα
539 968 603 995 τῶν
627 965 742 1000 ἄλλων,
769 967 943 1003 διαφωνῶν
966 967 992 996 δ’
1016 965 1175 1003 ἐλέγχεται
1198 967 1280 1005 πρός
1297 967 1395 998 αὐτὸν
1408 969 1568 1004 πλεῖστα),
1592 967 1670 999 ὥστ’
1688 969 1747 1000 οὐκ
1764 969 1851 1001 ἄξιον
1868 971 2017 1009 ἡγοῦμαι.

235 1020 379 1050 Praeter
397 1016 604 1049 “Portuuns'
627 1019 708 1048 illud
735 1020 855 1049 decem
878 1019 1040 1049 librorum
1064 1028 1150 1058 opus
1173 1020 1317 1050 totidem
1340 1021 1435 1051 libris
1458 1022 1528 1059 περὶ
1544 1023 1654 1059 νήσων
1672 1023 1851 1062 scripsisse
1867 1025 2018 1055 traditur

235 1074 278 1103 ab
301 1073 479 1103 Marciano
504 1073 522 1103 l.
548 1083 572 1102 s.
596 1083 628 1112 p.
652 1073 722 1111 566,
761 1074 805 1107 13,
840 1083 908 1112 quo
943 1083 1024 1103 sane
1059 1073 1135 1103 loco
1161 1074 1195 1104 C.
1220 1074 1406 1105 Muellerus
1440 1076 1511 1114 περὶ
1544 1077 1678 1113 λιμένων
1712 1086 1775 1116 pro
1809 1079 1880 1116 περὶ
1908 1079 2017 1116 νήσων

233 1127 427 1157 restitutum
452 1127 532 1157 volt.
577 1126 712 1156 Deinde
736 1127 823 1156 alius
858 1126 1032 1157 cuiusdam
1059 1127 1209 1159 eiusdem
1236 1129 1385 1159 auctoris
1409 1135 1577 1160 tractatus
1603 1131 1768 1161 memoria
1793 1138 1932 1162 servata
1956 1139 2018 1170 est,

233 1191 300 1220 quo
325 1191 380 1211 res
404 1181 655 1220 mythologicas
678 1186 882 1219 persecutus
906 1181 1054 1220 videtur,
1090 1181 1204 1213 Schol.
1230 1183 1346 1222 Apoll.
1371 1183 1488 1215 Rhod.
1513 1184 1572 1219 III,
1596 1186 1674 1216 847:
1718 1187 1844 1225 Δαῑραν
1868 1188 2020 1225 μουνογέ-

230 1234 332 1274 νειαν]
357 1235 405 1265 ὅτι
428 1235 462 1265 δὲ
485 1235 542 1271 τὴν
564 1235 689 1272 Δαῑραν
712 1234 929 1273 Περσεφόνην
952 1237 1093 1272 καλοῦσι,
1117 1237 1315 1276 Τιμοσθένης
1339 1238 1373 1269 ἐν
1395 1242 1439 1279 τῷ
1470 1238 1659 1280 Ἐξηγητικῷ
1683 1241 1945 1277 συγκατατίθεται
1966 1242 2021 1272 καὶ

232 1288 393 1327 Αἰσχύλος
417 1289 450 1319 ἐν
471 1289 679 1326 Ψυχαγωγοῖς
696 1288 852 1326 ἐμφαίνει,
875 1289 932 1326 τὴν
948 1289 1163 1328 Περσεφόνην
1180 1291 1391 1330 ἐκδεχόμενος
1408 1292 1544 1330 Δαῐραν.
1581 1292 1635 1322 Ex
1657 1294 1780 1323 eodem
1794 1291 2021 1334 “Ea-(gcfz‘ci''

233 1353 339 1382 opere
362 1342 646 1372 VVestermannus
682 1343 725 1371 ad
750 1341 911 1372 Vossium
946 1343 988 1373 de
1024 1344 1109 1376 Hist.
1142 1354 1256 1383 graec.
1297 1345 1401 1384 (Lips.
1428 1346 1520 1385 18:38)
1555 1356 1587 1385 p.
1618 1348 1674 1378 148
1709 1353 1795 1378 extr.
1820 1348 2019 1378 testimonia

232 1407 370 1436 quoque
393 1397 423 1426 in
449 1396 562 1427 Schol.
587 1397 630 1426 ad
654 1396 770 1436 Apoll.
792 1396 908 1428 Rhod.
933 1397 973 1434 II,
998 1398 1056 1428 517
1082 1403 1115 1429 et
1137 1399 1198 1429 526
1224 1399 1405 1439 desumpta
1430 1401 1629 1432 arbitratur.

295 1560 323 1589 9.
368 1559 624 1590 Timosthenem
647 1559 824 1589 Rhodium
847 1570 915 1589 non
938 1564 975 1590 ut
997 1559 1161 1591 artificem
1184 1564 1455 1599 commemorari,
1481 1564 1538 1603 qui
1559 1564 1678 1595 Nomis
1703 1566 1948 1605 componendis

422 1623 563 1653 operam
586 1614 729 1649 dederit,
754 1615 824 1651 sed,
849 1614 883 1644 id
906 1616 998 1655 quod
1021 1615 1242 1646 Guhrauerus
1264 1617 1359 1653 vidit,
1383 1623 1418 1647 ut
1442 1618 1632 1649 litteratum
1656 1620 1699 1650 de
1722 1620 1824 1650 Nomi

847 1669 982 1709 Pythici
1005 1669 1252 1709 compositione
1276 1677 1408 1702 testem.

382 1771 452 1802 Sed
475 1778 510 1802 ut
533 1773 578 1802 ad
599 1783 736 1802 nomum
760 1773 941 1812 Pythicum
969 1774 1059 1812 apud
1084 1773 1290 1805 Strabonem
1316 1776 1378 1815 IX,
1403 1778 1460 1807 421
1495 1783 1717 1814 revertamur,
1754 1780 1829 1818 quis
1853 1780 1918 1810 sibi
1941 1790 2018 1820 per-

233 1827 387 1859 suadeat,
427 1826 683 1856 Timosthenem
718 1827 811 1857 illum
843 1827 1020 1857 Rhodium
1052 1827 1170 1858 classis
1217 1829 1310 1868 regis
1342 1830 1534 1861 Ptolemaei
1573 1842 1770 1871 supremum
1804 1834 2018 1873 praefectum

234 1880 443 1918 (Τιμοσθένης
469 1880 486 1910 ὁ
508 1880 642 1919 Ῥόδιος,
666 1881 933 1920 ἀρχικυβερνήτης
955 1884 1012 1913 τοῦ
1035 1883 1184 1920 δευτέρου
1209 1883 1413 1921 Πτολεμαίου
1437 1885 1483 1915 ait
1507 1885 1706 1916 Marcianus
1730 1887 1749 1916 1.
1775 1898 1799 1918 s.
1822 1897 1853 1926 p.
1868 1888 1937 1923 565,
1964 1889 2016 1927 24)

231 1944 369 1963 nomum
391 1933 483 1963 illum
507 1934 696 1973 Pythicum,
721 1946 788 1975 quo
813 1936 970 1965 (lraconis
994 1937 1117 1967 caedes
1141 1937 1382 1973 celebraretur,
1417 1949 1453 1969 re
1478 1949 1560 1969 vera
1584 1941 1832 1979 composuisse,
1854 1943 2018 1980 quemad-

233 1988 371 2017 modum
403 1992 454 2017 est
484 1988 575 2027 apud
606 1987 827 2019 Strabonem:
862 1990 1071 2027 ἐμελοποίησε
1095 1991 1151 2029 μὲν
1182 1991 1240 2022 οὖν
1273 1992 1491 2031 ΤιμοσθένηςΡ
1537 1993 1642 2024 Hisce
1678 1995 1836 2024 omnibus
1872 1996 2017 2036 egregio

233 2042 387 2072 acumine
421 2043 600 2081 perpensis
624 2043 791 2073 Henricus
816 2042 997 2074 Guhrauer
1030 2045 1060 2074 in
1091 2046 1378 2076 commentatione
1403 2047 1445 2076 (le
1470 2057 1572 2077 nomo
1597 2047 1744 2087 Pythico
1768 2058 1798 2087 p.
1818 2050 1877 2080 315
1902 2060 1921 2079 a
1946 2050 2019 2079 vol-

233 2096 309 2135 gari
333 2096 492 2135 opinione
516 2098 681 2127 recedens
715 2098 796 2127 illud
818 2098 945 2137 optime
970 2099 1032 2128 sibi
1056 2100 1242 2138 persuasit:
1277 2100 1531 2130 Strabonianae
1550 2101 1756 2131 narrationis
1780 2112 1856 2132 eum
1881 2113 2018 2134 sensum

234 2159 319 2184 esse,
355 2155 391 2179 ut
415 2150 560 2189 scriptor
585 2151 719 2187 dixerit,
754 2162 829 2187 non,
864 2153 957 2191 quod
983 2154 1087 2192 vulgo
1111 2153 1328 2187 arbitrantur,
1367 2154 1627 2184 Timosthenem
1652 2155 1723 2185 eius
1749 2162 1869 2187 cantus
1893 2157 2019 2188 tibialis

234 2203 399 2234 artificem
434 2210 467 2233 et
500 2210 674 2235 auctorem
712 2205 825 2243 fuisse,
865 2207 927 2236 sed
951 2217 1025 2237 eum
1050 2213 1086 2238 ut
1110 2212 1247 2246 testem,
1281 2208 1337 2246 qui
1358 2208 1400 2237 de
1423 2208 1515 2237 nomi
1537 2208 1674 2247 Pythici
1699 2210 1959 2249 antiquitatibus
1984 2217 2019 2242 et

233 2258 492 2296 compositionis
526 2269 645 2288 norma
680 2261 892 2300 exposuerit,
926 2261 1090 2292 adhiberi.
1136 2261 1257 2299 Itaque
1286 2262 1442 2291 lacunam
1465 2262 1611 2301 primum
1638 2263 1670 2292 in
1696 2263 1878 2294 Strabonis
1902 2266 2018 2296 verbis

233 2310 355 2345 inesse,
393 2322 460 2350 qua
483 2312 621 2351 perierit
644 2314 716 2343 eius
739 2314 857 2344 musici
878 2324 1011 2347 nomen,
1035 2316 1091 2354 qui
1114 2325 1253 2345 nonium
1280 2316 1460 2355 Pythicum
1485 2316 1576 2346 iussu
1601 2316 1895 2358 Amphictyonum
1919 2320 2019 2350 ludos

234 2364 423 2404 Delphicos
458 2367 702 2397 celebrantium
726 2369 968 2407 composuerit,
998 2368 1142 2400 Sal-adae
1166 2368 1318 2409 A)g›·l'f'z',·
1355 2380 1462 2409 quare
1494 2370 1540 2400 ita
1573 2372 1725 2410 suppleri
1759 2373 1867 2403 verba
1901 2373 2019 2404 mutila

234 2424 395 2457 oportere
419 2418 486 2450 Str.
509 2420 571 2455 IX,
597 2422 673 2451 421:
697 2423 909 2460 ἑμελοττοίησε
931 2424 986 2461 μὲν
1010 2424 1066 2454 οὖν
1090 2423 1282 2463 [Σακάδας].
1321 2424 1360 2453 cf.
1387 2423 1569 2455 Guhrauer
1595 2435 1626 2464 p.
1651 2427 1720 2457 314.

382 2472 419 2502 In
450 2474 671 2512 sequentibus
700 2475 928 2506 instaurandis
958 2487 977 2506 a
1010 2478 1081 2508 viro
1112 2478 1408 2517 praestantissimo
1436 2479 1625 2517 paullulum
1650 2481 1785 2511 recedo.
1830 2480 1958 2511 Strabo
1982 2486 2019 2511 ut

237 2523 450 2564 profiteatur,
487 2527 575 2556 hanc
607 2537 683 2558 sese
717 2529 872 2558 notitiam
908 2530 951 2559 de
974 2530 1084 2561 Nonio
1107 2532 1254 2572 Pythico
1279 2533 1494 2562 Timostheni
1521 2533 1653 2563 auctori
1677 2539 1855 2573 acceptam
1880 2534 2018 2573 referre,
