2357 3220
1097 237 1132 266 15³

220 341 267 373 12.
313 340 357 370 Et
380 340 466 370 haec
489 340 628 380 quidem
653 339 727 369 eius
751 338 833 368 artis
857 336 1048 367 threnetica
1071 336 1223 376 inprimis
1240 335 1292 365 vis
1314 336 1346 365 in
1363 345 1487 366 caussa
1511 335 1582 370 fuit,
1608 340 1644 365 ut
1668 336 1700 365 in
1728 335 1818 365 ludis
1834 335 2017 375 Delphicis

214 405 291 426 cum
324 394 357 424 in
381 393 491 434 prima
515 393 686 433 Pythiade
709 391 848 423 aulodia
872 391 905 421 in
928 391 1082 421 ordinem
1113 390 1336 421 certaminum
1365 390 1579 420 sollemnium
1603 396 1745 430 recepta
1767 396 1801 420 et
1823 389 2014 429 praemium

215 458 357 489 quoque
391 447 514 478 victori
538 447 768 478 Echembroto
793 445 923 476 Arcadi
954 454 1155 475 concessum
1187 451 1288 479 esset,
1322 445 1485 484 proximo
1520 444 1588 474 iam
1621 454 1710 475 anno
1734 444 2012 484 Amphictyones

218 508 351 533 mutato
375 501 516 532 consilio
540 502 607 531 hoc
628 510 739 540 genus
763 505 801 529 ut
824 499 1016 529 luctuosum
1041 504 1075 528 et
1092 508 1112 527 a
1135 499 1304 529 communi
1330 499 1464 529 laetitia
1487 499 1636 529 alienum
1660 510 1678 529 e
1702 500 1861 529 ludorum
1886 505 1919 529 et
1943 509 2011 530 cer-

217 556 383 587 taminum
407 565 539 586 canone
562 558 797 591 removerent3
832 552 934 583 Paus.
957 551 1003 589 X,
1028 552 1056 587 7,
1088 554 1120 583 5:
1153 554 1204 584 καὶ
1234 553 1396 594 αὐλῳδίαν
1426 564 1460 585 τε
1490 554 1682 590 κατέλυσαν,
1712 554 1929 592 καταγνόντες
1958 554 2016 585 οὐκ

217 610 299 642 εἶναι
321 611 358 642 τὸ
377 609 525 648 ἄκουσμα
548 608 709 647 εὔφημον·
737 607 756 645 ἡ
779 607 841 645 γὰρ
865 606 1006 647 αὐλῳδία
1030 607 1107 644 μέλη
1132 617 1164 638 τε
1187 606 1226 645 ἦν
1250 607 1359 638 αὐλῶν
1382 608 1422 638 τὰ
1444 608 1702 646 σκυθρωπότατα
1726 608 1776 638 καὶ
1801 608 1925 645 ἐλεγεῖα
1954 605 2017 650 [καὶ

217 667 339 704 θρῆνοι,
360 663 454 704 quod
479 661 648 702 expungit
671 658 912 702 Schubartius]
938 660 1167 701 προσᾳδόμενα
1189 663 1257 700 τοῖς
1282 662 1404 700 αὐλοῖς.
1454 662 1594 702 Olympi
1618 671 1756 701 quoque
1780 662 1931 702 Phrygis
1954 661 2017 692 cir-

224 718 503 750 cumferebantur
526 715 686 751 carmina,
709 715 861 746 numeris
886 715 1052 755 elegiacis
1073 717 1276 754 composita,
1300 727 1376 748 cum
1399 716 1587 747 accinentis
1610 716 1716 747 tibiae
1740 717 1864 753 modis;
1898 726 2016 747 eorum

217 778 256 803 ut
279 771 596 811 antiquissimorum
619 769 652 800 in
675 769 740 800 hoc
763 778 895 809 genere
919 768 1143 809 speciminum
1168 769 1356 800 admodum
1379 769 1537 809 lugubris
1563 775 1637 799 erat
1662 769 1805 808 species.
1857 769 2018 800 Iocantur

221 827 289 857 duo
306 825 396 856 servi
413 825 506 864 apud
520 824 794 863 Aristophanem
810 823 923 863 Equit.
942 824 995 854 10:
1021 824 1192 855 ξυναυλίαν
1209 823 1400 861 κλαύσωμεν
1417 823 1593 861 Οὐλύμπου
1609 823 1718 861 νόμον,
1741 823 1798 853 ubi
1816 824 2018 854 scholiasta:

217 880 372 912 ξυναυλία
395 880 535 910 καλεῖται
552 878 632 910 ὅταν
648 878 707 909 δύο
723 878 856 916 αὐληταὶ
872 878 910 909 τὸ
926 877 1006 909 αὐτὸ
1021 878 1168 915 λέγωσιν.
1186 878 1204 909 ὁ
1221 879 1255 909 δὲ
1270 877 1437 916 Ὄλυμπος
1455 879 1610 916 μουσικὸς
1624 877 1672 916 ἦν,
1690 878 1849 916 Μαρσύου
1865 879 2017 917 μαθητής.

218 935 341 973 ἔγραψε
366 934 401 965 δὲ
425 933 616 972 αὐλητικοὺς
640 933 691 964 καὶ
714 933 924 972 θρηνητικούς
945 932 1075 971 νόμους,
1099 932 1156 962 ubi
1172 932 1294 971 ἔγραψε
1315 933 1407 962 haud
1432 932 1535 962 dubie
1552 933 1761 963 documento
1780 938 1842 968 est,
1867 934 2019 964 carmina

221 998 372 1028 quoque,
397 997 465 1018 non
489 987 638 1018 musicos
662 993 793 1017 tantum
817 988 941 1017 modos
964 986 1116 1027 Olympo
1141 987 1335 1026 adscriptos
1360 986 1527 1018 extitisse.

365 1153 410 1183 18.
456 1152 631 1192 Antiquos
653 1161 775 1182 nomos
798 1152 978 1182 aulodicos
1002 1152 1192 1182 litterarum
1216 1151 1400 1193 naufragio
1426 1154 1630 1193 deperditos
1654 1153 1871 1193 aliquatenus

449 1206 550 1237 nobis
574 1206 708 1237 restitui
731 1206 971 1237 Romanorum
996 1206 1130 1246 elegiae
1153 1212 1335 1247 poetarum
1359 1208 1568 1238 carminibus
1591 1209 1636 1239 ad
1660 1208 1795 1239 illorum

896 1261 1122 1291 imitationem
1148 1262 1342 1293 elaboratis.

370 1353 561 1383 Nomorum
583 1353 896 1384 vetustissimorum
920 1353 1155 1383 aulodicorum
1177 1353 1315 1383 nomina
1339 1354 1491 1384 servavit
1514 1354 1720 1385 Plutarchus
1744 1365 1828 1386 mus,
1852 1357 1886 1386 4:
1931 1355 1960 1386 oi
1984 1356 2019 1387 δὲ

217 1407 312 1447 νόμοι
336 1408 365 1439 οἱ
389 1408 469 1439 κατὰ
492 1408 629 1446 τούτους
654 1431 660 1438 .
684 1433 690 1439 .
715 1433 721 1439 .
749 1408 920 1449 αὐλῳδικοὶ
942 1407 1042 1446 ἦσαν·
1069 1408 1258 1447 Ἀπόθετος,
1287 1407 1414 1445 Ἔλεγοι
1443 1408 1545 1446 (conf.
1570 1409 1689 1445 Hssler,
1720 1408 1808 1439 Mus.
1833 1409 1946 1440 Rhen.
1971 1410 2021 1445 31,

219 1472 252 1502 p.
269 1463 333 1501 85),
360 1462 556 1501 Κωμάρχιος,
571 1463 734 1501 Σχοινίων,
761 1463 895 1502 Κηπίων,
907 1462 1110 1500 Ἐπικήδειος
1129 1462 1230 1499 (conf.
1246 1461 1445 1502 Westphal‚
1464 1462 1590 1494 Gesch.
1608 1465 1669 1494 der
1686 1464 1742 1495 alt.
1759 1464 1828 1494 und
1851 1464 2020 1495 mittelalt.

222 1517 309 1548 Mus.
332 1517 473 1548 Vratisl.
499 1517 587 1552 1864,
611 1527 643 1557 p.
661 1518 715 1556 98)
739 1517 790 1548 καὶ
805 1517 969 1556 Τριμελής.
992 1516 1081 1548 conf.
1107 1516 1234 1546 Pollux
1249 1516 1308 1552 IV,
1331 1518 1380 1549 65.
1425 1517 1495 1548 Eos
1511 1528 1631 1548 nomos
1647 1519 1859 1549 mesodicam
1876 1518 2021 1549 formam

222 1571 387 1602 habuisse
417 1571 645 1602 certissimum
670 1576 731 1602 est.
785 1571 873 1602 Pars
895 1571 1017 1609 media,
1052 1570 1246 1601 umbilicum
1269 1572 1368 1611 quasi
1385 1573 1606 1608 constituens,
1631 1573 1743 1603 cincta
1767 1580 1841 1604 erat
1863 1574 1907 1603 ab
1931 1579 2021 1604 utro·

221 1635 289 1665 que
324 1626 433 1656 latere
468 1626 625 1666 partibus
659 1631 866 1666 argumento
902 1626 966 1656 sibi
1001 1626 1302 1665 respondentibus.
1359 1627 1500 1657 Fluctus
1534 1627 1566 1657 in
1596 1627 1757 1658 umbilico
1786 1629 1890 1667 pleno
1921 1629 2021 1658 alveo

221 1686 396 1711 tumentes
427 1681 458 1710 in
494 1681 652 1720 partibus
681 1681 884 1721 omphalum
918 1680 1137 1721 praegressis
1171 1680 1350 1720 paullatim
1378 1681 1612 1712 increscentes
1644 1682 1953 1721 conspiciebantur,
1990 1683 2021 1712 in

222 1735 477 1775 posterioribus
504 1735 658 1775 periodis
687 1736 937 1766 decrescebant
966 1745 1084 1766 rursus
1107 1740 1141 1765 et
1165 1735 1386 1765 sedabantur.
1431 1735 1560 1765 Eorum
1597 1735 1746 1765 eximiae
1769 1736 1854 1766 artis
1877 1746 2021 1776 operum

223 1799 301 1820 cum
323 1789 594 1829 locupletissima
618 1790 700 1821 olim
713 1790 825 1830 copia,
849 1791 938 1830 proh
962 1791 1070 1829 dolor,
1100 1790 1259 1820 luctuosa
1283 1795 1478 1829 temporum
1498 1789 1618 1820 iniuria
1642 1790 1752 1820 omnis
1778 1791 1878 1821 nobis
1902 1796 2022 1831 erepta

224 1843 279 1880 sit,
306 1844 421 1883 aliquo
445 1843 596 1874 fortasse
619 1845 745 1874 solatio
759 1844 1000 1875 Romanorum
1023 1850 1205 1884 poetarum
1230 1844 1464 1883 elegiacorum
1494 1845 1526 1874 in
1550 1844 1716 1875 imitando
1741 1845 1922 1885 diligentia
1945 1856 2021 1876 esse

224 1903 353 1938 potest,
370 1908 439 1938 qua
455 1898 548 1928 illam
569 1908 749 1929 nomorum
767 1899 1003 1929 aulodicorum
1027 1898 1173 1929 formam
1208 1904 1243 1929 et
1266 1908 1422 1929 normam
1446 1899 1514 1929 suis
1537 1900 1708 1930 interdum
1731 1900 1939 1930 carminibus
1962 1911 2022 1931 ex-

224 1958 437 1991 presserunt.
482 1952 537 1983 De
560 1953 625 1983 hac
649 1963 686 1983 re
709 1953 805 1983 multi
836 1953 902 1983 iam
927 1953 1098 1984 dixerunt.
1149 1953 1270 1993 ltaque
1298 1963 1387 1984 nunc
1416 1963 1483 1984 uno
1507 1953 1655 1985 fortasse
1680 1955 1841 1994 exemplo
1866 1955 2022 1995 inspecto

222 2006 354 2042 melius,
387 2017 490 2046 quam
518 2007 632 2047 longis
663 2008 872 2048 ambagibus
900 2008 999 2038 huius
1028 2008 1112 2038 artis
1140 2017 1271 2037 summa
1300 2008 1462 2038 illustrari
1492 2009 1629 2047 poterit.
1683 2009 1855 2048 Propertii
1886 2019 2023 2040 carmen

222 2060 283 2098 ΙΙΙ,
314 2062 351 2092 15
376 2061 527 2100 Hertzb.⁷
554 2061 614 2098 IV,
642 2063 677 2093 15
702 2061 841 2092 Lachm.
865 2062 1026 2093 universa
1050 2062 1299 2102 compositione
1327 2073 1391 2092 sua
1413 2072 1534 2093 nomus
1558 2069 1611 2093 est
1637 2073 1713 2093 cum
1744 2074 1825 2094 cura
1850 2072 1884 2094 et
1908 2063 2022 2094 studio

223 2114 316 2143 haud
341 2113 445 2144 dubie
468 2115 676 2146 elaboratus.
714 2115 906 2146 Umbilicus
929 2126 960 2146 v.
988 2117 1108 2147 11—42
1129 2117 1361 2148 narrationem
1384 2118 1427 2147 de
1442 2117 1618 2157 Antiopae
1643 2123 1676 2148 et
1693 2118 1821 2148 Dircae
1844 2117 1925 2148 fatis
1942 2128 2023 2148 con-

224 2167 311 2198 tinet
336 2167 463 2198 eximia
487 2174 562 2198 arte
586 2174 620 2199 et
643 2179 771 2209 magno
795 2169 955 2200 dictionis
983 2171 1168 2209 splendore
1191 2172 1437 2211 compositam;
1461 2182 1582 2202 versus
1606 2171 1732 2202 deinde
1760 2173 1859 2203 1—10
1884 2173 2023 2202 archam

228 2222 452 2258 constituunt,
469 2233 537 2262 qua
554 2224 597 2254 de
617 2223 686 2254 suis
704 2224 879 2254 amoribus
896 2231 1002 2264 poeta
1018 2225 1183 2264 loquitur;
1201 2225 1243 2255 de
1260 2224 1338 2261 fide,
1356 2236 1459 2265 quam
1477 2226 1716 2256 intemeratam
1734 2232 1767 2257 et
1784 2227 2023 2257 inconcussam

226 2275 322 2305 omni
346 2281 504 2315 tempore
528 2277 688 2308 dominae
712 2284 910 2308 servaturus
934 2279 986 2310 sit.
1024 2278 1128 2309 Haud
1151 2279 1262 2319 magis
1286 2280 1332 2309 illi
1356 2281 1399 2310 de
1424 2279 1579 2320 Lycinna
1600 2291 1759 2311 caussam
1783 2292 1859 2311 esse
1883 2281 2026 2312 timendi

223 2336 259 2360 et
283 2331 461 2370 arguendi,
491 2341 595 2371 quam
619 2332 756 2370 Dircae‚
781 2333 865 2372 Lyci
889 2333 998 2369 uxori,
1028 2333 1060 2363 in
1084 2333 1239 2373 Antiopa
1263 2335 1435 2374 culpanda
1458 2334 1571 2366 fuerit.
1622 2335 1659 2365 In
1683 2334 1750 2365 fine
1773 2335 1942 2371 carminis,
1969 2336 2024 2366 vel

223 2383 252 2413 si
275 2384 343 2414 iam
374 2386 419 2414 ad
447 2395 628 2416 nomorum
659 2386 856 2426 analogiam
881 2387 1062 2418 dicendum
1086 2387 1138 2421 sit.
1172 2387 1204 2417 in
1237 2389 1436 2428 sphragide,
1462 2390 1506 2419 ad
1541 2390 1697 2425 eandem,
1732 2390 1822 2420 unde
1855 2390 1888 2419 in
1919 2391 2024 2420 archa

224 2438 403 2478 digressus
427 2445 511 2477 erat,
535 2440 743 2470 sententiam
766 2447 872 2480 poeta
895 2442 992 2479 redit,
1014 2452 1044 2473 ν.
1067 2442 1205 2473 43—46:
1228 2444 1265 2471 af
1286 2444 1323 2472 fn
1350 2453 1415 2472 mm
1439 2442 1595 2473 merdam
1613 2446 1737 2484 parcas
1758 2453 1883 2473 vexare
1903 2443 2026 2484 Lycin-

224 2501 326 2521 nam:
347 2492 359 2532 Η
382 2491 490 2522 nesci!
510 2495 620 2523 vestra
636 2503 740 2524 ruens
762 2493 817 2523 ira
834 2494 965 2534 rqfhrre
982 2495 1111 2536 pedem.
1136 2496 1147 2535 [j
1170 2495 1295 2527 Fabula
1320 2497 1416 2527 nulla
1441 2499 1518 2526 {aas
1541 2497 1580 2527 de
1605 2497 1698 2527 nabz's
1714 2497 1856 2527 concitet
1877 2507 1977 2527 aures
1988 2510 1997 2527 .·
2014 2498 2027 2537 Η

224 2547 256 2575 te
278 2546 382 2576 solam
407 2549 439 2576 cl
459 2545 572 2587 lzgrm's
582 2547 734 2588 funeris
757 2551 854 2578 ustus
877 2559 993 2580 amem.
