2298 3147
1096 237 1115 265 4

219 342 359 380 Tempe,
395 339 518 369 deinde
553 348 571 368 e
604 337 735 375 Tempe
771 345 888 365 rursus
912 332 1068 372 Delphos
1101 341 1138 361 se
1173 331 1354 365 conferret,
1389 340 1479 360 novo
1503 329 1689 368 splendore
1720 328 1945 359 instauratam
1969 333 2003 358 et

221 399 425 426 exornatam
453 392 549 422 esse?
594 391 666 421 Nec
688 390 732 419 ab
756 387 903 418 hominis
926 385 1063 416 militari
1088 385 1227 424 ingenio
1252 385 1398 415 alienum
1423 383 1494 419 erit,
1522 383 1549 412 si
1572 392 1650 412 eum
1673 382 1801 422 agmini
1824 382 1871 412 illi
1894 392 2002 418 sacro,

220 450 361 488 longam
390 447 479 476 viam
512 445 660 485 pedibus
684 442 830 476 facienti,
865 441 983 471 tibiam
1007 438 1168 469 comitem
1192 439 1368 468 addidisse
1392 442 1560 477 putemuS,
1596 446 1663 476 qua
1686 441 1831 466 sonante
1856 446 2003 475 corpora

220 509 253 533 et
278 501 378 532 animi
403 499 552 530 euntium
573 501 818 528 recrearentur.

332 675 359 705 2.
406 672 527 702 Tibiae
551 671 584 701 in
608 670 713 700 sacris
737 668 909 708 Apollinis
932 676 1014 696 usus
1037 674 1138 703 quam
1163 664 1322 703 antiquus
1346 663 1447 694 fuerit
1467 663 1546 693 Deli
1570 667 1603 692 et
1627 662 1901 692 Lacedaemone.

371 776 520 816 Delphis
554 775 658 815 igitur
690 774 722 804 in
759 772 865 803 sacris
888 769 1061 810 Apollinis
1093 767 1211 798 tibiam
1235 767 1313 797 inde
1337 777 1357 796 a
1379 766 1490 806 prima
1513 765 1685 805 Pythiade
1709 765 1784 805 pari
1807 765 1874 795 iam
1897 775 2010 804 paene*

222 833 299 862 loco
334 836 438 870 atque
473 830 638 860 citharam
663 838 739 858 esse
764 825 931 866 coepisse,
956 828 1085 854 certum
1110 827 1172 852 est.
1216 820 1400 860 Quaeritur
1424 821 1558 856 deinde,
1592 820 1675 859 quid
1704 820 1736 849 in
1757 817 1877 849 Deliis
1900 818 2007 849 sacris

227 885 395 916 sancitum
419 884 530 914 fuerit.
575 883 742 913 Veterum
767 879 963 911 testimonia
986 878 1013 908 si
1038 876 1280 915 contemplere,
1304 875 1389 904 tibia
1412 874 1458 904 ibi
1483 874 1583 904 valde
1608 878 1745 904 vetusta
1760 873 1868 903 videri
1884 873 2008 913 possit;

226 949 305 969 nam
331 939 640 978 Hyperboreorum
675 940 794 965 sancta
827 942 969 963 munera
1004 931 1143 971 (Herod.
1167 929 1225 967 IV,
1262 930 1316 963 33;
1355 928 1455 958 Paus.
1480 928 1503 964 I,
1532 928 1582 962 31,
1606 928 1638 960 2)
1672 937 1748 957 curn
1785 927 1945 957 tibiarum
1977 933 2010 957 et

225 993 414 1023 fistularum
449 996 550 1022 cantu
585 989 712 1020 adferri
735 994 769 1019 et
793 987 902 1027 accipi
926 986 1094 1023 solebant,
1116 984 1205 1015 Plut.
1233 993 1316 1014 mus.
1342 983 1402 1013 14:
1450 982 1500 1013 καὶ
1522 982 1561 1013 τὰ
1584 982 1616 1013 ἐξ
1638 979 1859 1020 Ὑπερβορέων
1883 983 1917 1013 δὲ
1941 982 2011 1020 ἱερὰ

227 1047 293 1086 μετ’
318 1047 426 1077 αὐλῶν
444 1046 494 1076 καὶ
517 1045 676 1083 συρίγγων
700 1043 750 1074 καὶ
773 1041 904 1080 κιθάρας
927 1040 971 1078 εἰς
994 1040 1051 1076 τὴν
1067 1038 1179 1075 Δῆλόν
1203 1045 1285 1076 φασι
1300 1038 1337 1068 τὸ
1354 1037 1490 1067 παλαιὸν
1507 1036 1708 1067 στέλλεσθαι.
1745 1035 1881 1066 Deinde
1898 1040 2012 1065 statua

225 1100 398 1140 Apollinis
421 1099 594 1138 Delphica
629 1098 662 1127 in
698 1107 799 1126 manu
833 1095 971 1125 sinistra
1005 1093 1105 1123 trium
1130 1091 1328 1122 Gratiarum
1363 1091 1544 1120 simulacra
1566 1090 1739 1129 gestabat,
1776 1099 1920 1129 quarum
1945 1099 2012 1119 una

225 1155 326 1185 tibias
349 1164 414 1193 pro
438 1152 561 1192 insigni
584 1152 751 1188 habebat3
782 1149 869 1179 Plut.
892 1148 987 1178 ibid:
1013 1148 1046 1178 ἐν
1069 1147 1104 1177 δὲ
1125 1149 1162 1186 τῇ
1187 1146 1340 1186 ἀριστερᾷ
1363 1145 1495 1183 χάριτας
1518 1146 1582 1175 τῶν
1605 1147 1663 1182 τῆς
1687 1145 1842 1182 μουσικῆς
1864 1143 2012 1182 ὀργάνων

226 1208 364 1245 ἑκάστην
395 1217 423 1237 τι
445 1206 592 1244 ἔχουσαν.
634 1205 652 1242 ἡ
677 1205 732 1242 μὲν
755 1203 815 1242 γὰρ
839 1203 939 1241 λύραν
962 1202 1076 1239 κρατεῖ,
1113 1200 1131 1238 ἣ
1156 1201 1182 1231 δ’
1207 1200 1335 1237 αὐλούς,
1368 1199 1386 1236 ἡ
1410 1198 1437 1229 δ’
1459 1199 1493 1229 ἐν
1517 1198 1604 1238 μέσῳ
1626 1198 1860 1236 προσκειμένην
1884 1197 1947 1235 ἔχει
1970 1200 2014 1238 τῷ

227 1262 361 1300 στόματι
384 1261 530 1299 σύριγγα.
569 1259 640 1290 Sed
663 1259 749 1288 haec
771 1255 976 1297 posterioris
1001 1256 1134 1285 demum
1158 1253 1322 1293 temporis
1346 1252 1484 1282 inventa
1507 1252 1679 1290 videntur3
1704 1251 1737 1281 in
1759 1252 1887 1291 hymno
1904 1251 2014 1290 Apol—

226 1316 302 1346 linis
317 1314 410 1345 Delii
426 1313 623 1349 Homerico,
649 1322 718 1351 quo
735 1312 813 1341 loco
830 1310 980 1341 musicae
998 1309 1080 1338 artis
1099 1308 1265 1338 memoria
1280 1308 1492 1338 celebratur:
1516 1317 1546 1337 v.
1567 1307 1625 1336 162
1641 1306 1772 1337 πάντων
1794 1304 1820 1337 δ’
1834 1306 2016 1345 ἀνθρώπων

225 1370 339 1409 φωνὰς
374 1369 424 1399 καὶ
458 1367 710 1406 κρεμβαλιαστὺν
733 1365 744 1405 Η
770 1363 904 1403 μιμεῖσθ’
939 1363 1058 1400 ἴσασιν,
1094 1362 1188 1392 nulla
1215 1367 1267 1392 est
1289 1361 1394 1391 tibiae
1417 1360 1554 1390 mentio.
1602 1359 1701 1390 Unde
1725 1370 1788 1389 suo
1812 1359 1883 1390 iure
1906 1360 2015 1390 Volk-

227 1433 372 1454 mannus
396 1423 440 1452 ad
463 1422 550 1451 Plut.
576 1422 618 1450 de
640 1420 726 1450 Mus.
750 1429 781 1459 p.
805 1419 854 1454 98,
879 1419 918 1448 36
943 1418 985 1447 de
1008 1416 1113 1446 tibiae
1135 1420 1206 1445 tam
1223 1419 1360 1444 vetusto
1384 1413 1429 1443 ibi
1453 1423 1517 1443 usu
1543 1413 1753 1444 subdubitat.

376 1475 525 1516 Spartae
553 1485 658 1514 porro
694 1473 831 1513 quando
866 1473 897 1502 in
922 1470 1094 1510 Apollinis
1128 1470 1220 1500 cultu
1243 1468 1328 1498 tibia
1350 1468 1524 1498 civitatem
1549 1472 1650 1497 nacta
1673 1467 1725 1502 sit,
1762 1467 1821 1497 vix
1845 1473 1897 1498 est
1921 1468 2016 1507 quod

229 1532 371 1562 multum
385 1530 610 1569 ambigamus
645 1529 810 1558 Thaletas
824 1526 1021 1566 Gortynius,
1045 1524 1102 1564 qui
1116 1523 1204 1553 inter
1220 1522 1569 1562 Gymnopaediarum,
1594 1531 1682 1560 quae
1698 1531 1787 1551 anno
1805 1521 1858 1552 Ol.
1876 1523 1926 1560 28,
1944 1523 1963 1553 4
1979 1535 2016 1548 =

229 1586 288 1616 665
312 1584 487 1615 institutae
514 1583 684 1617 dicuntur,
707 1582 918 1621 potissumos
935 1584 1161 1610 exornatores
1176 1582 1372 1607 numeratur
1389 1575 1493 1615 (Plut.
1510 1585 1593 1606 mus.
1606 1576 1648 1615 9),
1672 1575 1776 1605 tibiae
1793 1575 1859 1605 iam
1878 1581 2016 1606 cantum

232 1638 376 1679 egregie
411 1637 579 1674 excoluit;
614 1637 702 1667 Plut.
726 1646 811 1666 mus
839 1636 876 1666 10
911 1635 954 1664 de
977 1633 1048 1663 eius
1070 1631 1229 1662 inventis:
1267 1631 1301 1661 ἐκ
1324 1631 1385 1668 γὰρ
1410 1632 1467 1668 τῆς
1494 1625 1654 1668 Ὀλύμπου
1678 1630 1845 1668 αὐλήσεως
1870 1631 2019 1668 Θαλήταν

231 1694 332 1732 φασὶν
355 1691 554 1730 ἐξειργάσθαι
577 1693 676 1721 ταῦτα
700 1690 750 1720 καὶ
778 1690 867 1720 δόξαι
891 1688 1024 1725 ποιητὴν
1049 1687 1169 1724 ἀγαθὸν
1193 1686 1368 1722 γεγονέναι.
1413 1684 1446 1714 Is
1472 1684 1633 1714 creticum
1657 1685 1847 1724 rhythmum
1865 1684 1897 1714 in
1911 1683 2019 1714 Grae-

229 1748 318 1778 ciam
342 1746 499 1776 attulisse
524 1745 660 1784 dicitur3
684 1745 773 1774 Plut.
793 1744 890 1773 ibid:
915 1743 966 1773 καὶ
985 1742 1118 1773 Παίωνα
1142 1741 1193 1771 καὶ
1217 1740 1368 1777 Κρητικὸν
1393 1738 1513 1776 ῥυθμὸν
1530 1738 1574 1776 εἰς
1591 1739 1649 1776 τὴν
1665 1739 1850 1776 μελοποιίαν
1866 1739 2020 1770 ἐνθεῖναι·

231 1801 280 1840 οἷς
307 1801 492 1839 Ἀρχίλοχον
526 1800 565 1837 μὴ
600 1801 782 1837 κεχρῆσθαι,
815 1797 881 1828 ἀλλ7
916 1797 983 1828 οὐδ’
1012 1793 1128 1834 Ὀρφέα
1161 1792 1212 1823 καὶ
1238 1791 1454 1828 Τέρπανδρον.
1498 1790 1587 1820 Huic
1619 1789 1747 1820 cretico
1782 1791 2020 1829 rhythmorum

232 1855 352 1895 generi
385 1864 487 1893 quam
519 1858 614 1883 arcta
637 1863 711 1883 cum
735 1852 818 1882 tibia
840 1851 1065 1891 potissumum
1087 1846 1306 1879 necessitudo
1328 1845 1529 1883 intercedat,
1567 1844 1756 1874 luculenter
1778 1854 1887 1883 nuper
1910 1844 2021 1875 Her-

232 1918 404 1938 mannus
427 1908 514 1938 Use
527 1917 655 1937 nerus
678 1912 796 1936 noster
819 1906 851 1935 in
874 1905 964 1934 libro
982 1901 1253 1943 elegantissimo:
1282 1899 1579 1939 Altgriechischer
1594 1898 1755 1929 Versbau
1770 1908 1803 1938 p⁴
1822 1899 1880 1930 118
1897 1898 2022 1938 docuit,

233 1962 291 2002 qui
314 1961 464 1992 ostendit
490 1962 534 1990 ad
558 1961 661 1992 tibiae
685 1961 821 1990 demum
847 1968 950 1989 sonos
973 1968 1036 1997 per
1059 1956 1244 1987 auctiorem
1268 1963 1400 1984 moram
1424 1953 1647 1983 continuatos
1666 1953 1818 1992 syllabas
1833 1953 2022 1992 productas

233 2016 281 2046 ita
315 2015 389 2045 cani
423 2015 589 2054 potuisse,
626 2020 671 2049 ut,
706 2013 740 2043 id
764 2013 857 2052 quod
881 2012 913 2041 in
938 2012 1090 2042 citharae
1114 2009 1201 2039 fides
1224 2019 1292 2038 non
1318 2009 1430 2043 cadat,
1467 2013 1501 2038 et
1524 2008 1697 2036 humanae
1722 2006 1817 2037 vocis
1843 2012 1877 2036 et
1899 2006 2022 2036 instru-

234 2070 339 2100 menti
370 2068 490 2099 musici
520 2073 639 2098 cantus
669 2073 862 2106 temporum
890 2065 1046 2105 spatiolis
1068 2073 1210 2104 prorsus
1239 2063 1326 2093 inter
1350 2073 1387 2092 se
1411 2065 1699 2100 exaequarentur.
1744 2061 1914 2091 Thaletae
1938 2071 2022 2091 vero

238 2128 347 2154 artem
378 2122 542 2152 musicam
574 2121 801 2161 potissumum
826 2119 979 2159 Apollini
1014 2123 1186 2149 sacratam
1210 2117 1323 2156 fuisse,
1358 2116 1424 2146 iam
1449 2126 1493 2146 ex
1518 2114 1654 2146 Cretica
1676 2114 1738 2144 viri
1760 2114 1894 2154 origine
1917 2115 2023 2145 mani-

237 2177 361 2207 festum
385 2181 447 2206 est.
493 2175 656 2214 Sequitur
680 2175 835 2210 Alcman,
871 2173 967 2203 cuius
1002 2173 1093 2204 vitae
1125 2172 1189 2202 flos
1218 2172 1305 2201 inter
1329 2170 1382 2202 Ol.
1406 2171 1456 2205 30,
1480 2170 1499 2200 4
1524 2174 1557 2199 et
1581 2170 1632 2208 42,
1655 2170 1673 2199 2
1701 2169 1897 2206 (Eusebius;
1936 2169 2023 2209 Syn-

238 2231 346 2261 cellus
369 2240 401 2270 p.
427 2230 498 2264 402,
522 2231 540 2260 6
565 2230 616 2259 ed.
640 2229 757 2267 Dind.)
782 2228 907 2262 incidit,
932 2227 988 2266 qui
1012 2227 1042 2256 in
1066 2226 1171 2257 tibiae
1194 2225 1304 2255 modis
1328 2225 1424 2254 iuxta
1448 2223 1615 2253 citharam
1639 2223 1839 2253 excolendis
1857 2223 2025 2253 Thaletae

240 2285 436 2323 exemplum
469 2283 620 2313 imitatus
657 2288 717 2312 est.
763 2282 862 2312 Dixit
895 2282 936 2311 de
969 2281 1040 2311 eius
1070 2281 1103 2310 in
1135 2279 1200 2308 hac
1234 2288 1270 2308 re
1301 2277 1431 2307 meritis
1454 2278 1557 2306 docte
1583 2283 1616 2306 et
1640 2277 1818 2315 eleganter
1841 2276 2024 2315 Bergkius‚

238 2338 330 2368 Hist.
364 2337 443 2367 Litt.
478 2336 600 2368 Graec.
621 2336 662 2373 ΙΙ,
697 2337 767 2366 238.
812 2336 865 2365 Ex
903 2334 1052 2365 carmine
1092 2333 1293 2373 Apollinem
1328 2332 1525 2361 celebrante
1560 2331 1642 2360 illud
1675 2331 1768 2359 haud
1800 2330 1892 2359 haud
1923 2330 2026 2360 dubie

241 2397 413 2431 sumptum
436 2396 498 2430 est,
533 2391 625 2430 quod
658 2390 863 2420 Plutarchus
897 2399 983 2418 mus.
1018 2389 1053 2419 10
1086 2387 1200 2423 tradit,
1242 2385 1445 2415 Alcmanem
1481 2385 1581 2414 deum
1605 2384 1716 2423 ipsum
1740 2383 1823 2413 tibia
1846 2390 2026 2414 canentem

240 2444 390 2474 finxisse.
