2357 3220
1148 251 1183 281 13

263 346 400 386 Pythici
423 357 583 378 scaenam
608 347 799 387 expirantis
819 357 896 378 cum
919 346 1028 377 sibilis
1041 346 1201 376 draconis
1215 347 1334 377 alludit
1350 347 1596 388 Xenophontis
1612 349 1708 380 iocus
1726 350 1758 379 in
1775 348 1937 390 Sympos.
1956 351 2014 386 VI,
2032 353 2061 386 5,

261 401 358 440 quod
382 402 512 441 optime
536 402 703 442 cognovit
724 401 923 437 Hillerus,
948 401 1036 432 Mus.
1060 400 1173 431 Rhen.
1201 401 1264 432 vol.
1289 401 1327 432 31
1352 411 1382 441 p.
1400 402 1451 438 81,
1474 403 1522 434 82.
1561 401 1737 434 Convivae
1760 404 1806 434 ibi
1830 404 2064 444 paciscuntur,

263 456 308 486 ad
332 456 437 487 tibiae
461 462 582 487 cantus
599 466 778 487 sermones
793 456 975 486 habendos
992 465 1078 494 esse,
1102 460 1350 494 quaeruntque,
1374 456 1432 495 qui
1450 457 1543 486 modi
1564 457 1685 488 musici
1703 458 1826 498 quibus
1844 459 2061 490 sermonibus

260 511 486 548 conveniant;
518 511 692 551 pergitur:
737 511 789 542 καὶ
819 510 837 542 ὁ
867 511 1004 549 Καλλίας
1034 510 1111 548 ἔφη·
1143 510 1243 541 Ὅταν
1273 509 1332 541 οὖν
1364 510 1382 541 ὁ
1410 505 1619 550 Ἀντισθένης
1651 512 1699 543 ὅδ’
1729 512 1842 553 ἐλέγχῃ
1867 514 1936 544 τινὰ
1960 514 1995 544 ἐν
2018 517 2063 555 τῷ

259 565 442 607 συμποσίῳ,
465 566 492 596 τί
515 565 606 597 ἔσται
628 565 665 596 τὸ
688 565 829 603 αὔλημα;
854 566 905 596 καὶ
928 565 945 596 ὁ
969 561 1177 602 Ἀντισθένης
1200 563 1274 602 εἶπε,
1298 565 1349 605 Τῷ
1369 566 1426 603 μὲν
1443 566 1645 607 ἐλεγχομένῳ
1663 566 1748 605 οἶμαι
1765 567 1812 602 ἄν,
1836 568 1909 606 ἔφη,
1932 569 2064 607 πρέπειν

260 619 427 657 συριγμόν.
472 618 539 649 Hic
572 619 667 649 locus
701 619 787 649 duas
821 618 966 649 facetias
1002 628 1135 648 summa
1166 618 1355 649 subtilitate
1379 619 1564 659 coniungit.
1610 621 1698 651 Nam
1720 621 1867 660 primum
1890 623 2060 661 συριγμός,

259 683 364 713 quem
398 673 480 703 dicit
507 673 745 711 Antisthenes,
779 679 917 703 cantum
938 672 1085 711 fistulae,
1120 682 1188 712 quo
1225 674 1372 703 extremi
1407 674 1497 704 sibili
1529 675 1722 714 expirantis
1752 676 1913 706 draconis
1944 677 2057 716 expri-

260 732 406 763 muntur,
429 726 615 767 significan
639 727 765 757 deinde
788 728 915 759 verba:
939 731 985 768 τῷ
1009 728 1211 767 ἐλεγχομένῳ
1235 728 1347 766 πρέπει
1371 729 1528 767 συριγμός
1551 730 1644 759 haud
1669 730 1773 760 dubie
1798 731 1842 760 ad
1866 730 2060 761 irrisionem

258 779 488 820 spectantium
512 785 547 810 et
569 780 781 810 audientium
805 786 975 820 spectant,
1009 791 1078 820 qua
1101 781 1227 812 victum
1251 783 1491 813 adversarium
1514 789 1635 823 petere
1659 784 1782 814 solent.
1826 784 2062 824 Pervolgatus

258 839 313 864 est
335 834 363 864 is
386 834 484 864 verbi
507 835 646 872 συρίζειν
670 844 771 873 usus3
798 834 980 866 Demosth.
1007 836 1050 865 de
1075 834 1152 865 Cor.
1179 841 1202 870 ξ,
1225 837 1305 868 265:
1329 837 1504 876 ἐξέπιπτες,
1529 838 1593 875 ἐγὼ
1618 841 1644 869 δ’
1669 839 1849 877 ἐσύριττον.
1894 838 1993 873 Plut.‚
2019 849 2061 869 an

257 888 331 919 seni
358 889 515 928 gerenda
548 888 591 919 sit
625 899 715 929 resp.
742 890 797 920 23:
836 890 994 927 Τιμόθεον
1029 889 1200 929 Εὐριπίδης
1235 891 1467 929 συριττόμενον
1498 892 1547 923 ἐπὶ
1580 895 1617 933 τῇ
1642 893 1828 933 καινοτομίᾳ
1853 917 1860 923 .
1878 917 1906 924 ..
1929 895 2061 932 θαρρεῖν

255 942 436 973 ἐκέλευσεν.
481 941 579 972 Haec
603 942 719 972 omnia
742 943 771 973 si
795 943 1064 982 perpendamus,
1089 943 1206 974 licebit
1229 944 1379 976 fortasse
1410 956 1500 976 nunc
1524 946 1592 976 iam
1615 947 1766 986 aliquam
1790 947 1874 977 artis
1897 947 2060 985 musicae,

254 1006 325 1035 qua
348 1002 590 1036 argumentum
614 997 750 1027 mediae
774 997 883 1036 partis
910 997 1146 1033 enarrabatur,
1173 999 1322 1038 speciem
1346 999 1540 1032 informare.
1576 1001 1687 1031 Huius
1710 1011 1794 1032 vero
1820 1002 2059 1033 atrocissimae

254 1060 398 1090 pugnae
421 1056 629 1091 argumento
654 1057 688 1082 et
711 1052 918 1092 sagittarum
941 1052 1112 1082 coniectui
1134 1054 1191 1092 qui
1214 1054 1395 1094 rhythmus
1419 1055 1531 1095 magis
1554 1065 1659 1095 quam
1683 1056 1850 1086 iambicus
1875 1057 2062 1087 convenire

255 1105 391 1145 potuit?
414 1105 554 1135 Iambus
578 1105 654 1145 ipso
675 1106 822 1136 nominis
846 1106 1041 1146 veriloquio
1058 1107 1238 1146 rhythmus
1255 1114 1308 1139 est
1332 1105 1609 1147 “iaculatorius'';
1634 1109 1722 1140 conf.
1739 1110 1885 1146 Curtius,
1910 1110 2060 1150 Etymol.

254 1158 393 1190 Graec.³³
432 1169 465 1199 p.
499 1160 570 1191 490.
623 1160 743 1200 Atque
778 1161 822 1190 de
858 1160 1012 1191 dicteriis
1047 1161 1234 1191 iaculandis
1267 1161 1481 1192 Aristoteles
1515 1172 1653 1201 quoque
1688 1163 1867 1202 cogitavit,
1905 1162 2006 1193 Poet.
2037 1164 2058 1194 4

254 1224 287 1254 p.
313 1213 420 1254 1448b,
442 1215 497 1246 31:
521 1215 570 1246 διὸ
594 1215 645 1246 καὶ
668 1215 811 1254 ἰαμβεῖον
835 1218 979 1247 καλεῖται
1003 1217 1070 1253 νῦν,
1094 1216 1143 1247 ὅτι
1166 1216 1200 1246 ἐν
1219 1216 1264 1257 τῷ
1288 1216 1392 1257 μέτρῳ
1416 1217 1521 1258 τούτῳ
1543 1217 1685 1256 ἰάμβιζον
1707 1217 1878 1256 ἀλλήλους.

378 1393 425 1423 12.
468 1392 686 1423 Illustrantur
709 1393 802 1423 nomi
826 1393 962 1433 Pythici
987 1400 1107 1434 partes
1131 1399 1210 1424 ante
1234 1387 1392 1432 Ἰαμβικὸν
1415 1393 1570 1433 positae:
1594 1393 1800 1433 Ἄγκρουσις,
1823 1394 1936 1432 Πεῑρα,

1019 1447 1294 1486 Κατακελευσμός.

405 1546 478 1578 Sed
506 1557 527 1577 a
550 1547 664 1578 media
686 1548 779 1578 nomi
803 1548 942 1588 Pythici
965 1553 1075 1588 parte,
1100 1549 1133 1579 in
1156 1557 1224 1586 qua
1245 1546 1302 1577 vel
1327 1545 1535 1577 difficillimis
1558 1547 1746 1587 propositis
1771 1548 1864 1578 haud
1890 1548 2058 1588 imparem

254 1610 334 1632 esse
367 1601 498 1637 tibiam,
531 1601 687 1633 Sacadas
722 1602 1035 1643 demonstraverat,
1069 1613 1159 1634 nunc
1193 1601 1312 1632 oculos
1342 1607 1586 1632 convertamus
1619 1602 1664 1631 ad
1693 1607 1813 1641 partes
1850 1603 2058 1642 superiores,

253 1654 379 1694 quibus
402 1654 503 1694 primi
527 1654 599 1684 eius
622 1664 762 1694 pugnae
785 1659 883 1686 actus
901 1660 935 1686 et
951 1655 1147 1686 certaminis
1163 1656 1345 1686 exordium
1361 1656 1637 1687 continebantur.
1677 1655 1786 1696 Apud
1804 1656 1983 1688 Pollucem
1997 1657 2059 1693 IV,

253 1709 296 1740 84
328 1709 479 1749 quinque
511 1709 662 1748 partium
697 1710 786 1740 duae
819 1710 952 1750 primae
985 1716 1063 1741 sunt
1096 1713 1189 1749 πεῖρα
1213 1715 1247 1741 et
1269 1710 1539 1748 κατακελευσμός.
1585 1709 1769 1741 Strabonis
1794 1711 1966 1741 enarratio
1991 1721 2059 1741 una

253 1769 356 1803 parte
389 1763 422 1794 in
455 1763 530 1803 ipso
564 1763 680 1794 limine
713 1765 875 1803 ponenda
907 1765 1042 1796 auctior
1076 1771 1147 1805 est3
1185 1765 1266 1795 dicit
1297 1765 1354 1796 ille
1383 1775 1415 1805 p.
1439 1766 1513 1796 421:
1555 1765 1652 1796 πέντε
1675 1764 1702 1796 δ’
1727 1765 1827 1796 αὐτοῦ
1853 1766 1930 1803 μέρη
1955 1766 2056 1797 ἐστίν·

252 1817 439 1856 ἄγκρουσις,
467 1816 614 1856 ἄμπειρα,
637 1818 910 1856 κατακελευσμός,
934 1818 1040 1856 ἴαμβοι
1059 1844 1066 1850 .
1083 1842 1089 1849 .
1105 1844 1110 1850 .
1126 1819 1285 1859 σύριγγες.
1323 1819 1435 1850 Addit
1451 1819 1556 1859 igitur
1571 1816 1846 1855 “Praeiudium’',
1871 1819 2057 1858 ἄγκρουσιν,

251 1881 359 1911 quam
380 1876 526 1911 partem,
561 1871 722 1911 quoniam
755 1872 801 1902 ad
835 1882 977 1912 pugnae
1009 1883 1085 1904 cum
1108 1873 1259 1905 dracone
1283 1879 1527 1914 argumentum
1548 1883 1619 1904 non
1639 1874 1837 1905 necessario
1861 1874 2055 1914 requiritur,

253 1926 382 1956 Pollux
405 1926 529 1958 omisit.
574 1926 687 1957 Huius
711 1926 849 1957 exordii
872 1927 965 1958 aliud
989 1933 1173 1968 praeterea
1195 1937 1321 1958 nomen
1343 1939 1407 1958 usu
1430 1928 1638 1968 scriptorum
1659 1927 1916 1968 frequentatur:
1938 1929 2056 1967 προαύ-

254 1981 334 2011 λιον.
377 1978 486 2019 Apud
508 1979 690 2010 Platonem
712 1980 806 2010 nomi
830 1980 864 2010 in
887 1980 1092 2020 Minervam,
1116 1982 1227 2018 orthii‚
1251 1982 1376 2022 opinor
1399 1982 1502 2021 (conf.
1519 1982 1586 2012 Dio
1605 1982 1726 2022 Chrys.
1752 1982 1777 2018 I,
1805 1983 1844 2021 1),
1868 1983 1934 2013 hoc
1957 1992 2056 2022 prae-

252 2033 383 2064 ludium
406 2038 632 2069 memoratum
657 2034 746 2066 Plat.
771 2034 860 2067 Crat.
884 2045 917 2074 p.
941 2035 1003 2067 418
1028 2042 1131 2067 extr.:
1154 2037 1280 2068 ποικίλα
1302 2037 1339 2075 γέ
1362 2045 1424 2076 σοι,
1441 2037 1467 2068 ὦ
1485 2037 1665 2076 Σώκρατες,
1689 2036 1829 2076 ἐκβαίνει
1845 2037 1885 2068 τὰ
1901 2037 2057 2075 ὀνόματα.

252 2088 304 2118 καὶ
325 2088 387 2127 γὰρ
410 2090 469 2120 νῦν
493 2099 545 2127 μοι
568 2089 683 2127 ἔδοξας
705 2089 817 2128 ὥσπερ
840 2092 898 2121 τοῦ
921 2092 980 2129 τῆς
1002 2086 1176 2130 Ἀθηναίας
1199 2091 1298 2130 νόμου
1324 2092 1502 2131 προαύλιον
1525 2093 1758 2130 στομαυλῆσαι,
1782 2093 1878 2123 τοῦτο
1899 2092 1936 2122 τὸ
1953 2091 2056 2130 ὄνομα

251 2142 424 2180 προειπών.
468 2142 626 2183 Itemque
651 2144 697 2173 ad
718 2143 882 2174 Proaulz'z·
903 2150 1063 2175 naturam
1087 2151 1122 2176 et
1145 2152 1254 2176 artem
1278 2147 1557 2187 cognoscendam
1574 2146 1786 2177 Aristoteles
1810 2146 2055 2176 electissimam

253 2196 447 2236 symbolam
474 2197 623 2237 confert;
645 2198 751 2230 Rhet.
775 2199 838 2236 ΠΙ,
865 2200 913 2234 14,
936 2210 969 2239 p.
995 2199 1092 2231 1414b
1118 2201 1171 2232 19:
1195 2200 1275 2240 ὅπερ
1299 2201 1334 2232 ἐν
1356 2202 1484 2239 ποιήσει
1507 2201 1671 2240 πρόλογος
1693 2202 1745 2232 καὶ
1769 2201 1804 2232 ἐν
1828 2201 1963 2238 αὐλήσει
1977 2211 2054 2239 προ·

252 2250 375 2282 αύλιον.
421 2251 543 2291 Pergit
573 2252 714 2283 deinde:
751 2254 1047 2293 quemadmodum
1075 2255 1109 2285 in
1132 2255 1288 2294 proaulio
1312 2255 1471 2286 tibicines
1496 2255 1625 2296 aliquid
1649 2255 1817 2286 exhibere
1841 2256 1985 2290 soleant,
2021 2255 2054 2286 in

251 2314 321 2344 quo
343 2305 506 2336 virtutem
527 2316 624 2337 suam
647 2307 864 2338 auditoribus
887 2308 1005 2348 paullo
1029 2309 1212 2339 iactantius
1234 2311 1493 2348 commendent3
1529 2310 1578 2340 ita
1602 2310 1636 2340 in
1659 2310 1854 2340 orationum
1878 2309 2053 2350 epideicti-

250 2369 369 2390 carum
402 2369 534 2399 genere
565 2361 598 2391 in
631 2362 820 2401 prooemiis
854 2368 1013 2394 oratores
1047 2364 1091 2394 de
1123 2364 1237 2398 rebus,
1271 2374 1363 2404 quae
1397 2364 1493 2395 cordi
1517 2364 1582 2394 sibi
1605 2364 1683 2400 sint,
1706 2364 1788 2394 licet
1812 2365 1856 2394 ad
1877 2374 1951 2394 rem
1972 2363 2055 2394 nihil

251 2423 466 2454 magnopere
489 2414 626 2451 faciant,
652 2416 824 2447 disserere
849 2417 979 2454 solere3
1004 2418 1099 2448 cuius
1121 2418 1170 2448 rei
1193 2418 1401 2449 luculentum
1425 2419 1624 2458 exemplum
1648 2419 1691 2448 sit
1715 2418 1882 2448 Isocratis
1896 2418 2052 2449 Helenae

250 2467 483 2507 prooemium;
517 2469 625 2500 Arist.
648 2470 728 2500 ibid.
752 2470 808 2500 lin.
832 2472 887 2502 22:
911 2472 963 2502 καὶ
985 2472 1046 2510 γὰρ
1069 2472 1099 2503 οἱ
1120 2472 1262 2509 αὐληταί,
1285 2472 1304 2504 ὅ
1327 2483 1356 2504 τι
1380 2473 1419 2504 ἂν
1443 2472 1478 2504 εὖ
1502 2472 1619 2510 ἔχωσιν
1643 2473 1792 2511 αὐλῆσαι,
1816 2474 1912 2504 τοῦτο
1935 2483 2054 2511 προαυ-

249 2522 411 2561 λῆσαντες
434 2526 586 2562 συνῆψαν
608 2524 653 2565 τῷ
676 2524 848 2566 ἑνδοσίμψ,
873 2526 924 2556 καὶ
947 2526 982 2556 ἐν
1004 2528 1072 2564 τοῖς
1094 2526 1311 2565 ἐπιδεικτικοῖς
1335 2527 1445 2565 λόγοις
1468 2529 1516 2558 δεῖ
1539 2527 1625 2558 οὕτω
1648 2527 1804 2566 γράφειν·
1837 2526 1855 2558 ὅ
1878 2537 1907 2558 τι
1929 2527 1990 2566 γὰρ
2014 2527 2054 2558 ἂν

250 2576 403 2615 βούληται
441 2577 517 2609 εὐθὺ
553 2577 685 2610 εἰπόντα
722 2579 873 2611 ἐνδοῦναι
908 2580 959 2611 καὶ
992 2580 1148 2618 συνάψαι.
1203 2580 1283 2620 ὅπερ
1318 2581 1438 2620 πάντες
1472 2583 1632 2613 ποιοῦσιν.
1684 2581 1886 2620 παράδειγμα
1923 2582 1960 2612 τὸ
1994 2584 2052 2620 τῆς
