2357 3220
498 424 528 455 3.
573 424 627 454 De
650 424 734 454 tibia
757 422 884 453 eximia
907 422 1088 453 cuiuslibet
1112 432 1222 452 rerum
1247 427 1425 462 gestarum
1446 422 1585 461 generis
1610 422 1800 453 imitatrice.

408 516 471 547 His
507 515 678 555 expositis
711 524 799 554 opus
832 513 954 548 fuerat,
990 519 1027 543 ut
1062 513 1153 542 viam
1184 514 1281 544 nobis
1305 513 1516 544 muniremus
1539 515 1583 544 ad
1607 515 1788 544 modorum
1813 514 1998 545 tibinorum
2023 514 2057 544 in

257 572 347 602 ludis
363 571 498 611 Pythiis
515 580 611 600 usum
629 569 880 599 illustrandum.
918 568 1046 598 Narrat
1070 567 1174 607 igitur
1192 568 1380 598 Pausanias
1398 568 1444 606 X,
1469 568 1496 605 7,
1521 573 1538 599 4
1563 579 1635 599 rem
1659 569 1871 608 posteritatis
1891 569 2056 600 memoria

257 626 508 666 dignissimam:
543 623 818 662 Amphictyones
849 628 928 661 post
953 621 1115 652 Crisaeos
1149 623 1341 652 debellatos
1378 623 1410 653 in
1445 623 1533 653 ludis
1558 623 1692 663 Pythiis
1727 625 1840 653 denuo
1865 630 1899 654 et
1923 623 2054 654 maiore

261 680 365 711 etiam
405 678 591 718 splendore
625 676 875 707 constituendis
909 676 954 706 ad
987 676 1236 707 citharodicum
1270 687 1419 717 agonem
1451 678 1610 708 aulodica
1642 683 1675 707 et
1710 678 1869 708 tibiarum
1899 688 2053 708 assarum

255 733 443 766 certamina
466 732 652 763 adiecisse:
687 730 769 762 ἆθλα
794 731 912 762 ἔθεσαν
937 731 966 762 οἱ
987 731 1219 771 Ἀμφικτυόνες
1248 732 1440 773 κιθαρῳδίας
1469 733 1550 763 καθὰ
1580 733 1636 770 μὲν
1660 733 1691 763 ἐξ
1716 732 1824 770 ἀρχῆς,
1849 734 2056 771 προσέθεσαν

255 790 292 821 δὲ
314 788 365 819 καὶ
382 787 543 828 αὐλῳδίας
568 786 738 823 ἀγώνισμα
755 786 805 816 καὶ
824 786 940 817 αὐλῶν.
978 785 1156 816 Victorum
1176 796 1314 826 quoque
1331 786 1519 825 primorum
1537 796 1671 825 novem,
1696 786 1752 826 qui
1770 786 1801 816 in
1817 787 1884 817 hoc
1901 797 2055 817 assarum

256 842 416 873 tibiarum
453 841 640 872 certamine
675 850 737 880 per
771 850 895 870 novem
920 840 1110 880 Pythiades
1144 841 1273 880 primas
1306 841 1472 875 vicerunt,
1511 841 1650 871 nomina
1685 842 1728 871 ad
1764 841 2056 871 immortalitatem

256 902 396 928 servata
419 901 507 926 sunt.
542 895 666 925 Primis
691 894 800 924 tribus
825 893 1056 934 Pythiadibus
1080 893 1237 925 Sacadas
1257 894 1415 934 Argivus
1439 895 1574 925 naviter
1598 896 1810 925 decertando
1835 896 1966 926 laurum
1993 896 2054 926 sibi

255 950 410 991 peperit3
445 949 669 989 sequentibus
704 959 787 979 vero
813 958 876 979 sex
902 949 1085 988 proxumis
1107 948 1329 988 Pythocritus
1353 948 1545 988 Sicyonius
1590 948 1691 979 Paus.
1719 948 1765 983 X,
1790 949 1818 983 7,
1841 953 1859 979 4
1883 949 2056 988 ἀνηγορεύ-

257 1009 363 1044 θησαν
461 1004 611 1045 αὐλῳδὸς
704 1003 924 1042 Ἐχέμβροτος,
954 1003 1104 1041 Σακάδας
1127 1005 1162 1034 δὲ
1185 1004 1236 1034 ἐπὶ
1258 1005 1328 1042 τοῖς
1352 1003 1470 1042 αὐλοῖς.
1514 1003 1658 1035 ἀνείλετο
1686 1005 1721 1034 δὲ
1744 1004 1762 1035 ὁ
1787 1003 1935 1042 Σακάδας
1959 1004 2057 1042 οὗτος

257 1061 308 1091 καὶ
333 1060 433 1097 ἄλλας
465 1060 523 1090 δύο
546 1059 605 1097 τὰς
629 1058 748 1097 ἐφεξῆς
771 1058 889 1096 ταύτης
913 1058 1082 1096 Πυθιάδας
1107 1065 1141 1087 et
1164 1058 1263 1089 Paus.
1286 1058 1346 1095 VI,
1373 1059 1418 1093 14,
1445 1059 1495 1089 10:
1531 1058 1681 1096 Σακάδας
1705 1059 1762 1096 μὲν
1784 1059 1844 1096 γὰρ
1866 1059 1923 1090 τὸν
1948 1058 2058 1095 ἀγῶνα

1375 1113 1381 1120 ,
1414 1113 1420 1121 ,
1451 1113 1457 1125 ,
1487 1113 1492 1121 .

257 1169 460 1207 Πυθόκριτος
494 1169 529 1199 δὲ
564 1168 582 1198 ὁ
606 1167 781 1205 Σικυώνιος
804 1167 862 1205 τὰς
892 1167 1010 1205 ἑφεξῆς
1034 1167 1157 1198 τούτων
1182 1166 1346 1205 Πυθιάδας
1370 1167 1412 1203 ἕξ,
1436 1167 1535 1205 μόνος
1560 1167 1598 1204 δὴ
1622 1166 1720 1205 οὗτος
1744 1167 1892 1205 αὐλητής.
1937 1167 1990 1197 Ac
2013 1167 2056 1197 de

258 1221 397 1254 Sacada
427 1222 566 1262 quidem
601 1221 804 1251 suavissima
836 1221 986 1260 quadam
1008 1220 1101 1251 fama
1123 1221 1337 1261 narrabatur,
1361 1231 1447 1255 eum.
1472 1231 1562 1261 quae
1578 1220 1682 1252 fuerit
1699 1221 1772 1251 eius
1788 1221 1822 1251 in
1841 1221 1925 1251 tibia
1941 1220 2056 1252 flanda

257 1276 482 1316 praestantia,
517 1274 716 1314 Apollinem
744 1274 865 1314 ipsum,
900 1274 978 1304 huie
999 1274 1160 1304 universo
1182 1275 1300 1314 generi
1335 1281 1438 1306 antea
1460 1275 1594 1311 iratum,
1619 1285 1759 1315 prorsus
1783 1275 1849 1305 iarn
1871 1275 2057 1315 propitium

257 1330 363 1361 tibiae
387 1330 500 1360 modis
523 1329 736 1364 reddidisse;
769 1329 870 1359 Paus.
893 1328 935 1365 ΙΙ,
960 1329 1010 1366 22,
1033 1329 1062 1368 9,
1085 1339 1187 1368 quam
1208 1329 1334 1359 famam
1359 1335 1504 1360 venuste
1521 1340 1541 1360 a
1558 1330 1708 1360 Pindaro
1726 1330 1757 1359 in
1775 1330 1888 1369 aliquo
1907 1330 2056 1360 carmine

258 1384 314 1422 (cf.
337 1384 439 1415 Paus.
463 1384 528 1418 IX.
553 1385 601 1421 30,
627 1385 659 1421 2)
685 1390 882 1414 enarratam
906 1383 1021 1422 fuisse,
1044 1383 1238 1414 Hillerus
1261 1384 1407 1414 coniecit
1430 1384 1463 1414 in
1488 1383 1718 1414 eruditissima
1742 1385 1785 1414 de
1803 1383 1941 1414 Sacada
1964 1394 2056 1414 com-

256 1439 483 1470 mentatione:
521 1438 609 1469 Mus.
636 1438 750 1469 Rhen.
773 1438 841 1468 vol.
865 1439 902 1469 31
927 1437 1047 1477 (1876),
1081 1448 1114 1478 p.
1138 1438 1187 1469 79.
1231 1438 1303 1468 Iam
1333 1448 1415 1468 vero
1440 1438 1524 1468 tibia
1547 1438 1635 1468 inter
1664 1438 1868 1478 Pythiorum
1899 1439 2057 1469 ludorum

258 1493 399 1524 delicias
434 1498 577 1533 recepta
612 1493 776 1523 eximium
815 1493 847 1522 in
872 1493 1013 1523 modum
1038 1493 1168 1523 aurium
1195 1493 1318 1533 epulae
1346 1493 1594 1532 multiplicatae
1622 1498 1708 1524 sunt.
1746 1492 1824 1523 Hoc
1854 1493 1943 1523 enim
1974 1493 2057 1523 artis

258 1548 412 1578 musicae
426 1547 688 1578 instrumentum
700 1547 858 1577 manibus
870 1547 1254 1587 praestantissumorum
1270 1546 1438 1578 artificum
1456 1547 1630 1577 excultum
1641 1553 1804 1587 tanquam
1817 1547 2057 1577 callidissimus

257 1602 399 1642 quidam
424 1602 573 1632 Proteus
597 1607 668 1632 tarn
693 1612 743 1642 ea,
778 1612 868 1641 quae
889 1602 923 1632 in
946 1611 1061 1632 rerum
1083 1607 1215 1637 natura,
1252 1612 1355 1641 quarn
1379 1611 1468 1641 quae
1491 1603 1522 1632 in
1547 1601 1619 1631 vita
1641 1601 1817 1631 hominurn
1841 1611 1917 1631 cum
1941 1602 2057 1641 aliqua

261 1656 493 1687 concitatione
516 1662 551 1686 et
567 1656 697 1695 impetu
715 1655 809 1695 fiunt,
827 1656 1035 1686 imitabatur.
1073 1656 1195 1686 Tibiae
1210 1656 1289 1686 nihi]
1307 1657 1451 1686 arduum
1468 1662 1552 1686 erat.
1576 1655 1658 1686 Eius
1672 1656 1864 1686 cantilenae
1877 1655 2057 1686 flexuosae

259 1717 295 1741 et
317 1715 496 1741 tortuosae
518 1710 707 1750 quamlibet
725 1720 839 1740 rerum
855 1710 1006 1750 speciem
1023 1710 1175 1746 induere,
1200 1716 1233 1740 et
1248 1711 1442 1741 auditorum
1458 1711 1591 1740 animos
1605 1720 1682 1741 eum
1698 1709 1730 1740 in
1747 1711 1888 1740 modum
1907 1709 2057 1746 afficere,

257 1770 294 1795 ut
316 1765 461 1795 auribus
485 1770 631 1804 accepta
655 1765 759 1794 etiam
783 1764 891 1795 oculis
914 1765 1115 1804 conspicere
1139 1764 1202 1795 sibi
1226 1765 1435 1804 viderentur,
1459 1765 1606 1795 edoctae
1631 1770 1738 1795 erant.

408 1819 518 1849 Huius
546 1818 696 1850 eximiae
720 1818 882 1848 tibiarum
905 1819 998 1853 artis,
1023 1829 1092 1858 qua
1116 1819 1264 1849 omnium
1289 1829 1403 1850 rerum
1427 1819 1596 1858 imagines
1621 1818 1715 1849 sonis
1732 1819 1802 1848 suis
1818 1819 2056 1857 adumbrabat,

261 1883 351 1903 nunc
374 1872 563 1912 specimina
585 1873 750 1902 nonnulla
774 1871 913 1903 adferre
935 1873 1019 1903 utile
1042 1873 1154 1904 fuerit.
1191 1873 1348 1903 Minerva
1365 1873 1513 1903 Nomum
1530 1872 1809 1912 Polycephalum
1825 1872 1873 1903 ita
1887 1873 2058 1904 invenisse

258 1927 416 1963 traditur,
439 1933 476 1957 ut
500 1926 620 1956 sibilos
644 1933 845 1966 serpentum
869 1937 914 1957 ex
936 1926 1104 1958 Medusae
1129 1928 1241 1967 capite
1264 1933 1443 1967 amputato
1469 1927 1699 1964 eminentium,
1723 1927 1807 1957 tibia
1825 1928 2001 1967 exciperet
2024 1934 2057 1958 et

257 1980 461 2016 imitaretur,
491 1981 582 2010 unde
610 1990 735 2010 nomen
763 1980 819 2011 ille
848 1991 969 2011 nomus
999 1981 1151 2021 accepit3
1184 1982 1295 2013 Schol.
1325 1982 1424 2011 Pind.
1453 1981 1554 2021 Pyth.
1584 1981 1664 2015 XII,
1698 1983 1744 2016 15,
1767 1992 1799 2021 p.
1822 1983 1900 2012 421:
1941 1982 2056 2013 τούτου

257 2037 316 2066 τοῦ
339 2037 502 2073 συριγμοῦ
526 2035 760 2066 κατακούσασα
784 2036 802 2073 ἡ
826 2035 944 2073 Ἀθηνᾶ
966 2038 1024 2067 τοῦ
1051 2036 1084 2067 ἐκ
1107 2039 1172 2067 τῶν
1195 2036 1305 2075 ὄφεων
1326 2037 1583 2075 προσγινομὲνου
1606 2037 1688 2074 πρὸς
1712 2037 1841 2074 μίμησιν
1864 2038 1920 2067 τοῦ
1937 2036 2056 2074 θρήνου

260 2089 442 2128 (Medusae
465 2093 637 2126 sororum)
664 2090 714 2120 καὶ
745 2091 803 2120 τοῦ
825 2090 860 2120 ἐκ
883 2092 949 2121 τῶν
972 2090 1082 2129 ὄφεων
1103 2091 1273 2128 γινομένου
1299 2093 1456 2129 συριγμοῦ
1479 2091 1637 2129 ἐπενόησε
1661 2091 1718 2128 τὴν
1741 2091 1919 2128 αὐλητικὴν,
1944 2091 1982 2128 ἣν
2007 2091 2057 2121 καὶ

259 2143 411 2182 ὠνόμασε
444 2144 674 2182 πολυκέφαλον
712 2144 824 2181 νόμον.
868 2144 1248 2184 Pind.Pyth.X11‚8:
1287 2145 1396 2176 οὔλιον
1431 2148 1550 2183 θρῆνον
1584 2144 1781 2176 διαπλέξαισ’
1811 2144 1942 2180 Ἀθάνα,
1967 2146 1977 2184 Η
2000 2146 2057 2175 τὸν

259 2199 444 2237 παρθενίοις
468 2198 531 2229 ὑπό
554 2200 580 2229 τ’
608 2198 766 2237 ἀπλάτοις
790 2199 894 2237 ὀφίων
917 2201 1074 2238 κεφαλαῖς
1098 2199 1109 2239 Η
1133 2199 1181 2230 ἄϊε
1205 2200 1398 2238 λειβόμενον.
1449 2199 1652 2229 Alcibiades
1671 2209 1776 2239 porro
1792 2209 1868 2230 cum
1890 2209 1978 2229 anno
1996 2200 2057 2230 408

259 2252 420 2283 Athenas
455 2252 584 2282 rediret
620 2252 725 2290 (Xen.
756 2253 846 2284 Hell.
870 2253 895 2290 I,
919 2254 948 2293 4,
975 2254 1027 2288 18;
1064 2254 1152 2285 Plut.
1178 2254 1250 2284 Alc.
1275 2255 1338 2291 34),
1374 2255 1406 2284 in
1441 2253 1663 2293 imperatoria
1697 2263 1786 2283 nave
1810 2263 1872 2293 per
1895 2253 2055 2283 Piraeum

260 2306 511 2346 progrediente
534 2306 710 2337 tibicinem
727 2306 994 2347 Chrysogonum
1019 2308 1203 2338 constituit.
1227 2307 1284 2347 qui
1304 2308 1341 2338 τὸ
1358 2307 1518 2345 τριηρικὸν
1538 2312 1687 2344 caneret,
1710 2316 1778 2345 quo
1795 2312 1897 2336 cantu
1916 2306 2056 2336 dubium

260 2371 329 2391 non
350 2366 412 2400 est,
445 2360 526 2400 quin
558 2371 730 2392 remorum
755 2368 789 2392 et
813 2363 981 2393 undarum
1004 2363 1163 2402 planctus
1188 2368 1222 2392 et
1243 2362 1337 2392 lusus
1361 2361 1526 2391 imitando
1552 2370 1740 2400 expressus
1764 2360 1820 2397 sit;
1854 2360 2057 2394 Athenaeus

261 2414 344 2454 XII,
366 2425 398 2454 p.
421 2415 516 2445 535³:
541 2416 586 2453 ὡς
611 2417 646 2447 δὲ
669 2416 762 2454 ἐντὸς
787 2416 824 2454 ἦν
848 2416 919 2456 (τοῦ
931 2417 1123 2456 Πειραιέως)
1147 2418 1197 2447 καὶ
1219 2416 1276 2454 τὰς
1299 2416 1409 2454 κώπας
1433 2415 1550 2454 ἔλαβον
1574 2415 1603 2446 0‘1
1627 2416 1742 2453 ἐρέται,
1766 2415 1976 2453 Χρυσόγονος
2001 2416 2059 2452 μὲν

261 2469 351 2507 ηὔλει
375 2470 413 2500 τὸ
437 2470 599 2507 τρηιρικὸν
623 2470 802 2508 ἐνδεδυκὼς
826 2471 884 2508 τὴν
906 2471 1047 2508 Πυθικὴν
1070 2472 1198 2509 στολήν.
