2357 3220
448 761 474 791 1.
518 759 574 789 De
600 758 685 789 tibia
709 757 742 787 in
767 758 894 788 cultum
917 757 1125 798 Delphicum
1153 764 1187 788 et
1215 759 1314 789 ludos
1337 758 1483 798 Pythios
1510 758 1543 788 in
1566 758 1697 797 primae
1722 757 1904 797 Pythiadis

977 812 1200 843 sollemnibus
1222 816 1371 852 recepta.

425 907 540 937 Parva
563 905 625 936 fuit
648 905 775 945 specie,
810 905 871 936 sed
893 915 930 935 re
952 914 1036 935 vera
1059 914 1250 944 permagna
1272 904 1331 934 illa
1354 903 1387 933 in
1411 903 1518 934 sacris
1542 903 1722 943 Delphicis
1746 903 1863 933 traditi
1885 904 2074 943 antiquitus

273 962 381 993 moris
415 961 571 998 mutatio,
606 970 674 1000 qua
707 966 787 999 post
812 959 986 990 Crisaeum
1016 959 1144 989 bellum
1177 958 1307 989 finitum
1344 964 1377 989 et
1402 958 1644 999 Craugallidas
1678 959 1855 996 (Aeschin.
1878 959 1955 990 adv.
1981 958 2072 989 Ctes.

274 1017 301 1057 ξ.
328 1016 403 1052 107;
443 1015 652 1054 Harpocrat.
678 1025 704 1045 s.
725 1014 771 1048 v.)
803 1013 959 1044 devictos
982 1013 1280 1053 Amphictyonum
1316 1013 1457 1044 decreto
1492 1023 1582 1043 anno
1606 1012 1658 1044 Ol.
1683 1014 1733 1045 48.
1756 1014 1775 1044 3
1797 1026 1836 1038 =
1857 1013 1918 1044 586
1941 1023 1969 1044 a.
1994 1012 2074 1044 Chr.

272 1070 378 1101 tibiae
402 1080 485 1099 usus
507 1075 579 1099 tam
603 1069 636 1098 in
653 1068 863 1107 Delphicum
878 1067 1053 1107 Apollinis
1077 1068 1213 1107 cultum,
1236 1077 1339 1107 quam
1360 1067 1394 1097 in
1411 1068 1512 1098 ludos
1530 1068 1677 1108 Pythios
1699 1073 1862 1107 receptus
1883 1073 1944 1099 est.
1982 1067 2072 1097 Huic

274 1125 413 1156 conatui
447 1129 484 1154 ut
518 1123 570 1153 ius
604 1123 746 1162 aliquod
770 1127 804 1153 et
828 1122 1010 1153 excusatio
1034 1126 1307 1162 praetexeretur‚
1342 1123 1430 1152 inter
1453 1122 1724 1161 theologumena
1750 1122 1923 1161 Delphica
1945 1131 2071 1152 novum

272 1181 339 1210 hoc
373 1180 502 1219 dogma
534 1183 769 1218 propagatum
795 1182 862 1207 est:
902 1177 1103 1217 Apollinem
1126 1177 1262 1208 iamiam
1290 1177 1519 1208 inveteratum
1543 1182 1577 1207 et
1601 1177 1814 1207 celebratum
1838 1177 1922 1206 illud
1945 1177 2071 1211 odium,

273 1244 342 1274 quo
365 1233 484 1264 tibiam
512 1242 597 1272 prae
627 1232 760 1262 cithara
784 1232 1041 1271 contempserit,
1068 1232 1285 1272 deposuisse;
1310 1232 1403 1271 quod
1422 1231 1571 1262 Corinna
1593 1231 1729 1271 poetria
1752 1236 1878 1270 postea
1902 1231 1947 1261 ita
1972 1240 2071 1261 exor-

272 1288 376 1324 navit,
399 1293 436 1318 ut
459 1287 659 1327 Apollinem
685 1287 729 1316 ab
753 1285 922 1321 Minerva,
947 1296 1022 1317 cum
1047 1287 1197 1317 omnium
1221 1286 1353 1322 artium,
1385 1291 1456 1317 tum
1477 1286 1604 1316 tibialis
1626 1286 1730 1317 etiam
1754 1285 1952 1320 inventrice,
1988 1285 2072 1316 tibia

273 1352 399 1373 canere
423 1342 585 1372 edoctum
610 1350 698 1375 esse,
723 1339 870 1376 diceret3
894 1339 982 1372 Plut.
1006 1351 1091 1371 muS.
1118 1342 1169 1372 14:
1194 1342 1211 1379 ἡ
1235 1342 1271 1373 δὲ
1296 1342 1430 1380 Κόριννα
1453 1342 1504 1372 καὶ
1526 1341 1714 1379 διδαχθῆναί
1737 1348 1819 1379 φησι
1842 1341 1899 1372 τὸν
1922 1335 2070 1371 Ἀπόλλω

272 1396 323 1428 ὑπ’
346 1392 483 1435 Ἀθηνᾶς
508 1396 625 1427 αὐλεῖν.
672 1394 867 1434 Itidemque
887 1394 1036 1425 Alcman
1060 1395 1259 1435 Apollinem
1282 1396 1430 1427 libenter
1462 1396 1582 1427 tibiam
1618 1395 1734 1426 flando
1772 1406 1809 1425 se
1840 1395 2071 1426 oblectantem

273 1450 437 1489 finxerat3
470 1450 558 1480 Plut.
593 1449 688 1480 ibid.:
721 1449 812 1480 ἄλλοι
836 1450 871 1480 δὲ
905 1450 956 1480 καὶ
979 1450 1079 1481 αὐτὸν
1107 1451 1163 1481 τὸν
1187 1450 1261 1482 Θεόν
1285 1459 1387 1489 φασιν
1412 1451 1559 1490 αὐλῆσαι,
1584 1451 1727 1489 καθάπερ
1750 1450 1875 1489 ἱστορεῖ
1898 1450 1915 1481 ὁ
1939 1449 2073 1488 ἄριστος

272 1508 377 1545 μελῶν
400 1506 535 1544 ποιητὴς
559 1501 707 1543 Ἀλκμάν.
736 1504 823 1536 conf.
842 1504 943 1535 Faus,
968 1505 1009 1540 ΙΙ,
1034 1506 1083 1541 22,
1107 1506 1135 1537 9.
1181 1505 1299 1544 Atque
1322 1505 1426 1536 cultui
1453 1505 1590 1545 quidem
1606 1505 1780 1544 Apollinis
1801 1506 1894 1543 (nam
1920 1505 1962 1534 de
1985 1504 2074 1534 ludis

273 1560 407 1601 Pythiis
430 1570 486 1591 res
510 1560 732 1599 pervolgata)
758 1559 878 1589 tibiam
903 1559 1093 1590 accessisse
1117 1570 1158 1590 ea
1181 1559 1408 1599 potissumum
1432 1569 1487 1589 res
1512 1560 1722 1589 documento
1748 1564 1810 1595 est,
1834 1560 1927 1598 quod
1951 1559 1982 1588 in
2007 1559 2072 1588 sol-

272 1615 375 1645 lemni
406 1615 466 1645 illa
500 1620 533 1645 et
557 1614 773 1644 sanctissima
796 1623 933 1653 pompa,
967 1624 1035 1654 qua
1056 1614 1194 1644 ineunte
1215 1623 1306 1644 nova
1329 1613 1561 1644 Ennaeteride
1586 1623 1676 1643 nova
1703 1623 1840 1652 semper
1864 1613 1948 1643 lauri
1972 1614 2074 1653 virga

272 1680 317 1701 ex
342 1669 475 1709 Tempe
498 1668 708 1699 Thessalicis
731 1668 891 1708 Delphos
916 1668 1179 1708 adportabatur,
1203 1678 1311 1708 puero
1336 1668 1384 1698 illi
1408 1669 1590 1707 ἀμφιθαλεῑ,
1616 1668 1672 1708 qui
1691 1668 1862 1707 Apollinis
1885 1678 2070 1707 personam

274 1724 476 1758 sustinebat,
511 1723 638 1754 tibicen
673 1723 705 1752 in
729 1722 850 1753 itinere
874 1722 1035 1753 faciendo
1060 1723 1252 1763 accinebat3
1276 1723 1364 1755 Plut.
1385 1733 1470 1754 mus,
1498 1724 1548 1754 14:
1585 1723 1667 1754 ἀλλὰ
1690 1724 1741 1754 καὶ
1763 1726 1808 1764 τῷ
1832 1723 2073 1760 κατακομίζοντι

276 1779 364 1810 παιδὶ
387 1781 445 1816 τῆν
460 1779 619 1817 Τεμπικὴν
642 1778 770 1816 δάφνην
794 1777 839 1816 εἰς
853 1778 1008 1816 Δελφοὺς
1032 1779 1229 1816 παρομαρτεῖ
1251 1778 1407 1816 αὐλητής;
1431 1778 1521 1808 adde
1545 1777 1739 1812 Aelianum,
1763 1778 1845 1807 Var.
1869 1778 1946 1807 hist.
1971 1777 2030 1817 ΙΙΙ,
2056 1778 2069 1807 1

274 1839 374 1864 extr.:
411 1834 461 1864 καὶ
496 1834 554 1871 τὴν
587 1832 665 1864 ὁδὸν
701 1832 825 1870 ἐκείνην
864 1832 1023 1871 ἔρχονται,
1059 1833 1076 1870 ἣ
1111 1834 1251 1863 καλεῖται
1285 1833 1341 1871 μὲν
1374 1832 1510 1871 Πυθιάς,
1542 1833 1633 1871 φέρει
1667 1833 1702 1863 δὲ
1737 1832 1788 1863 διὰ
1823 1832 1998 1870 Θετταλίας
2021 1832 2072 1862 καὶ

270 1887 458 1926 Πελασγίας
492 1888 543 1918 καὶ
573 1890 630 1924 τῆς
663 1886 761 1924 Οἴτης
795 1887 845 1917 καὶ
881 1888 938 1924 τῆς
963 1886 1119 1918 Αἰνιάνων
1147 1887 1253 1925 χώρας
1277 1888 1327 1918 καὶ
1351 1889 1408 1926 τῆς
1433 1887 1582 1925 Μηλιέων
1605 1887 1656 1917 καὶ
1678 1886 1835 1924 Δωριέων
1858 1887 1908 1917 καὶ
1941 1886 2073 1924 Λοκρῶν

271 1944 335 1973 τῶν
355 1940 543 1980 Ἑσπερίων.
588 1941 677 1972 οὗτοι
701 1942 736 1972 δὲ
771 1941 821 1971 καὶ
856 1941 1130 1979 παραπέμπουσιν
1165 1942 1282 1980 αὐτοὺς
1315 1942 1377 1972 σὺν
1403 1941 1486 1972 αἰδοῖ
1509 1941 1559 1972 καὶ
1582 1943 1664 1980 τιμῇ.
1712 1940 1810 1970 Hanc
1834 1941 1933 1978 viam,
1968 1950 2071 1980 quam

272 1996 353 2026 olim
378 1996 513 2036 Cycnus
535 1995 725 2026 latrociniis
750 1994 819 2024 suis
846 1994 1076 2026 infestaverat
1101 1995 1256 2032 (Hesiod.
1273 1994 1366 2026 Scut.
1389 1996 1474 2033 480),
1497 1995 1587 2033 ἱερὰν
1612 1995 1692 2026 ὁδὸν
1705 1999 1808 2025 vocat
1825 1994 1911 2025 Plut.
1929 1994 2070 2034 Quaest.

273 2049 331 2081 Gr.
359 2051 404 2081 12.
428 2050 516 2081 conf.
540 2050 687 2081 eundem
715 2051 758 2079 de
782 2049 859 2080 Def.
884 2060 932 2080 or.
959 2051 1006 2081 15.

422 2105 488 2135 Hic
512 2104 618 2145 igitur
640 2104 745 2135 tibiae
769 2106 814 2134 ad
837 2114 1002 2144 pompam
1027 2104 1176 2144 Septerii
1200 2103 1417 2134 Ennaeterici
1440 2103 1576 2134 flandae
1600 2113 1682 2133 usus
1708 2104 1833 2133 eodem
1850 2103 1908 2133 illo
1927 2102 2073 2141 Amphi-

273 2164 435 2199 ctyonum
459 2160 611 2197 decreto,
635 2169 704 2199 quo
728 2159 801 2189 ludi
818 2159 932 2199 Pythii
951 2159 1048 2189 tibini
1065 2168 1205 2199 quoque
1227 2157 1309 2189 facti
1333 2163 1420 2194 sunt,
1445 2158 1537 2188 haud
1556 2157 1663 2188 dubie
1680 2158 1856 2187 institutus
1877 2163 1938 2188 est.
1983 2157 2071 2187 Nam

271 2219 391 2244 notum
415 2219 476 2249 est,
517 2224 650 2244 summa
683 2214 748 2244 illis
772 2213 991 2253 temporibus
1013 2214 1107 2253 apud
1132 2213 1410 2253 Amphictyones
1433 2212 1639 2243 auctoritate
1664 2212 1898 2252 Eurylochum
1922 2211 2073 2242 Thessa-

271 2269 340 2299 lum
362 2267 532 2299 floruisse.
577 2268 610 2298 Is
644 2268 677 2298 in
711 2269 769 2298 illo
802 2268 894 2298 bello
920 2267 1094 2303 Crissaeo‚
1129 2267 1222 2307 quod
1255 2266 1373 2297 itidem
1408 2272 1445 2297 ut
1474 2266 1636 2296 Troicum
1663 2266 1782 2296 decem
1807 2275 1974 2295 annorum
1996 2264 2070 2299 fuit,

272 2328 435 2362 tanquam
459 2323 547 2353 alter
570 2323 710 2363 quidam
734 2322 890 2353 Achilles
918 2324 962 2353 ab
987 2322 1105 2353 inferis
1129 2325 1272 2353 exortus
1297 2321 1493 2351 celebratus
1522 2326 1584 2351 est.
1623 2320 1881 2359 Elegantissimi
1904 2330 1946 2349 ea
1969 2320 2012 2349 de
2035 2329 2073 2349 re

273 2385 351 2407 sunt
374 2377 605 2417 Euphorionis
639 2388 683 2408 ex
717 2378 868 2408 carmine
904 2377 1028 2416 ignoto
1064 2386 1185 2407 versus
1219 2385 1272 2415 ap.
1307 2374 1421 2406 Schol.
1444 2375 1540 2405 Pind.
1572 2374 1719 2415 Argum.
1754 2376 1798 2405 ad
1821 2375 1921 2414 Pyth.
1956 2384 1987 2414 p.
2011 2374 2073 2405 298

271 2431 416 2462 Boeckh
439 2431 624 2470 (Meineke,
649 2431 751 2461 Anal.
777 2431 880 2461 Alex.
907 2441 939 2470 p.
956 2432 1022 2469 95):
1062 2431 1240 2468 ὁπλοτέρου
1257 2429 1284 2461 δ’
1301 2425 1447 2468 Ἀχιλῆος
1465 2429 1625 2466 ἀκούομεν
1643 2429 1850 2468 Εὐρυλόχοιο,
1873 2428 1884 2468 ΙΙ
1907 2429 2071 2467 Δελφίδες

273 2486 298 2527 ᾧ
333 2485 396 2516 ὕπο
429 2486 529 2517 καλὸν
560 2486 656 2524 Ἰήϊον
701 2486 914 2524 ἀντεβόησαν,
947 2485 959 2524 Η
993 2486 1111 2523 Κρῖσαν
1139 2485 1344 2523 ττορθήσαντι1
1380 2484 1546 2522 Λυκωρὲος
1572 2483 1653 2514 οἰκία
1677 2484 1807 2522 Φοίβου.
1853 2482 1943 2522 Quid
1967 2482 2073 2522 igitur

274 2538 504 2573 verisimilius,
530 2549 632 2578 quam
657 2539 855 2578 Eurylocho
880 2539 1110 2578 potissumum
1134 2545 1272 2569 auctore
1297 2544 1331 2568 et
1354 2539 1541 2577 impulsore
1565 2537 1627 2577 (ἐπ’
1652 2538 1837 2576 Εὐρυλόχου
1862 2538 2008 2568 διέταξαν
2025 2537 2072 2566 ait

271 2592 402 2624 Strabo
427 2593 490 2629 IX,
516 2594 575 2624 421
602 2592 704 2632 med.)
739 2602 905 2634 pompam
941 2593 1043 2627 illam,
1079 2602 1146 2631 qua
1167 2593 1263 2623 Deus
1284 2603 1360 2623 cum
1382 2592 1571 2623 cultoribus
1596 2592 1666 2621 suis
1687 2592 1833 2631 primum
1858 2591 2004 2631 Delphis
2027 2591 2073 2621 ad
